3659 5509
1019 361 1061 427 18

388 533 453 600 545
476 538 689 600 removeatur
720 532 964 600 sententiarum
995 555 1139 602 conexus
1170 557 1235 601 non
1257 534 1425 623 prohibet.
1471 537 1591 627 quodsi
1621 537 1703 626 quis

386 638 514 705 diceret
534 661 669 704 versum
689 637 753 704 545
770 660 787 704 1
803 660 904 704 versu
920 639 986 705 550
1002 637 1151 722 fluxisse,
1175 640 1219 722 id,
1244 641 1332 728 quod
1353 642 1466 727 magni
1483 651 1605 729 poetae
1622 651 1704 709 arte

384 744 557 830 indignum
576 766 641 809 non
660 748 721 826 est,
746 764 825 810 casu
840 743 996 809 effectum
1015 766 1089 811 esse
1104 744 1242 812 diceret.
1259 746 1377 813 —sed
1395 747 1498 814 etiam
1513 770 1618 814 versu
1632 748 1705 814 554

383 872 450 939 qua
469 849 600 917 ratione
622 847 662 914 de
684 848 961 914 antecedentibus
980 848 1193 916 iudicandum
1216 850 1263 916 sit
1278 850 1442 918 docemur.
1479 852 1705 919 vehementer

386 956 473 1022 enim
496 954 656 1021 irascitur
672 951 839 1040 Iuppiter,
865 975 972 1039 neque
996 954 1082 1019 satis
1106 954 1225 1021 habuit
1247 961 1348 1042 poeta
1370 955 1484 1023 verbis
1506 959 1636 1043 χώσατο
1663 956 1704 1022 δὲ

383 1059 509 1145 φρένας
530 1059 615 1126 iram
637 1057 730 1124 Iovis
755 1057 984 1144 descripsisse,
1010 1058 1069 1124 sed
1092 1059 1216 1126 adiecit
1240 1061 1345 1126 verba
1364 1060 1450 1144 ἀμφὶ
1471 1059 1512 1125 δέ
1524 1086 1584 1145 μιν
1599 1064 1705 1146 χόλος

383 1167 472 1231 ἵκετο
495 1167 618 1248 θυμόν,
643 1163 771 1229 utiam
796 1169 922 1250 quanta
945 1163 999 1229 ira
1021 1164 1177 1252 Iuppiter
1199 1165 1425 1232 inflammatus
1449 1164 1496 1231 sit
1519 1174 1701 1253 appareat

383 1292 489 1359 neque
512 1269 630 1335 mirum
654 1268 741 1354 quod
758 1267 915 1355 Iuppiter
937 1268 1001 1334 tali
1025 1269 1060 1333 in
1083 1291 1119 1335 re
1143 1269 1301 1356 deceptus
1324 1270 1621 1338 vehementissima
1643 1271 1702 1337 ira

384 1375 582 1443 exardescit.
627 1373 708 1462 quid
731 1381 853 1456 autem,
878 1373 906 1439 si
927 1373 1119 1440 iamdudum
1139 1374 1250 1441 dolum
1271 1373 1507 1441 aPrometheo
1527 1374 1593 1442 sibi
1613 1398 1703 1442 com·

382 1480 499 1569 parari
532 1476 728 1545 intellexit?
773 1501 809 1545 re
843 1477 893 1544 ita
927 1480 1114 1545 constituta
1145 1501 1211 1545 non
1245 1479 1317 1563 ira,
1356 1479 1416 1547 sed
1453 1480 1612 1546 irrisione
1645 1488 1701 1546 at-

383 1608 447 1673 que
479 1584 551 1651 fere
585 1583 707 1669 gaudio
739 1605 821 1669 opus
854 1588 939 1651 erat.
985 1583 1207 1670 deprehendit
1240 1584 1326 1650 enim
1358 1583 1509 1651 dolorum
1541 1585 1698 1652 invento-

384 1713 455 1757 rem
486 1689 666 1756 manifesta
699 1687 733 1753 in
762 1710 815 1769 re,
851 1688 918 1754 iam
952 1711 1059 1776 poena
1092 1711 1165 1755 eum
1200 1689 1334 1756 afficere
1365 1688 1447 1755 licet
1479 1727 1522 1739 -
1565 1713 1700 1757 assecu-

385 1802 441 1861 tus
474 1795 581 1880 igitur
617 1799 672 1860 est
709 1793 752 1859 ad
787 1793 875 1880 quod
911 1792 1104 1859 iamdudum
1142 1795 1286 1860 animum
1320 1793 1525 1861 intenderat.
1582 1801 1699 1861 tamen

384 1900 547 1968 irascitur
568 1898 734 1986 Iuppiter,
766 1897 802 1963 id
838 1897 926 1986 quod
953 1900 1075 1965 iterum
1100 1923 1130 1965 v.
1154 1901 1218 1965 558
1249 1899 1439 1987 exponitur,
1468 1904 1508 1966 ut
1541 1899 1582 1966 de
1616 1923 1701 1967 vera

383 2006 436 2072 ira
466 2004 621 2070 dubitare
652 2025 718 2069 non
753 2003 820 2069 iam
848 2001 961 2070 liceat.
1008 2004 1090 2084 iam,
1127 2025 1261 2087 censeo,
1297 2011 1439 2092 apparet
1461 2005 1518 2092 qui
1549 2004 1622 2071 sint
1643 2029 1700 2074 vv.

385 2110 494 2195 55012,
517 2108 574 2196 qui
597 2113 703 2174 totam
730 2129 799 2173 rem
823 2106 924 2194 plane
946 2108 1129 2190 invertant,
1161 2109 1218 2196 qui
1241 2132 1261 2175 a
1284 2109 1478 2176 narratione
1502 2132 1569 2175 non
1591 2109 1701 2176 solum

386 2215 487 2282 alieni
511 2215 596 2294 sint,
631 2211 691 2279 sed
714 2234 787 2278 eam
810 2213 897 2278 omni
929 2235 1030 2279 sensu
1053 2214 1156 2280 etiam
1180 2214 1327 2300 privent.
1386 2214 1522 2281 dubium
1554 2222 1702 2281 nonest

387 2319 467 2408 quin
482 2316 679 2405 interpolati
697 2317 776 2383 sint.
817 2323 919 2405 atque
941 2318 1043 2384 etiam
1059 2341 1125 2406 qua
1141 2319 1180 2384 de
1196 2340 1299 2384 causa
1315 2318 1385 2384 sint
1399 2318 1519 2385 inserti
1538 2327 1701 2406 apparet:

387 2446 504 2511 nempe
535 2422 677 2488 offendit
713 2421 837 2509 aliquis
869 2423 903 2487 in
927 2422 1009 2490 Iove
1035 2446 1116 2490 vere
1150 2423 1298 2509 decepte.
1345 2429 1399 2489 est
1432 2425 1518 2490 enim
1552 2447 1702 2492 summus

387 2530 478 2611 deus,
513 2530 642 2614 ἄφθιτα
664 2530 769 2612 μήδεα
799 2529 906 2611 εἰδώς,
940 2527 975 2593 id
999 2527 1087 2616 quod
1110 2528 1182 2616 ipse
1205 2528 1374 2595 Hesiodus
1409 2528 1571 2597 concedit.
1618 2551 1702 2616 ergo

388 2634 495 2720 decipi
526 2633 652 2721 nequit.
699 2633 797 2698 immo
834 2632 988 2699 consulto
1018 2633 1162 2719 sumpsit
1184 2655 1272 2715 ossa,
1301 2637 1340 2699 ut
1369 2632 1537 2698 hominum
1559 2633 1700 2720 punien-

388 2740 504 2806 dorum
527 2761 662 2804 causam
686 2737 834 2804 haberet.
882 2758 957 2804 eece
979 2738 1096 2824 poeta!
1121 2776 1164 2785 —-
1187 2759 1285 2825 quam
1307 2742 1386 2825 apte
1410 2743 1522 2804 autem
1547 2737 1702 2804 decurrit

389 2843 540 2911 narratio
574 2842 728 2910 versibus
763 2842 863 2926 55012
897 2842 1057 2909 remotis:
1094 2841 1190 2909 dolus
1219 2849 1380 2929 paratur;
1419 2865 1485 2930 qua
1514 2865 1574 2929 spe
1606 2843 1702 2910 nisus

386 2948 609 3015 Prometheus
631 2952 749 3034 partes
772 2946 916 3033 impares
948 2947 1054 3013 faciat
1082 2947 1260 3014 indicatur.
1306 2947 1379 3034 ipse
1403 2947 1500 3013 dolus
1532 2947 1700 3032 continuo,

387 3055 454 3122 etsi
476 3076 542 3120 non
566 3052 705 3119 disertis
728 3051 857 3134 verbis,
892 3052 928 3117 in
950 3052 1141 3119 memoriam
1172 3060 1350 3119 revocatur
1358 3077 1366 3138 ;
1403 3053 1615 3140 exspectatio
1645 3054 1702 3120 ob·

387 3159 494 3227 scuris
517 3158 630 3226 verbis
654 3163 689 3223 et
709 3161 820 3223 tamen
841 3156 998 3223 dilucidis
1022 3157 1128 3242 magis
1152 3158 1325 3245 magisque
1345 3157 1532 3243 excitatur;
1557 3156 1701 3244 denique

388 3263 429 3330 fit
451 3263 538 3352 quod
568 3268 808 3349 exspectamus.
855 3284 954 3349 quam
977 3270 1094 3349 aperte
1118 3262 1220 3330 etiam
1243 3286 1274 3329 v.
1299 3264 1363 3329 553
1386 3262 1501 3329 Iovem
1524 3285 1565 3329 ne
1589 3263 1703 3349 suspi-

387 3369 458 3436 cari
473 3368 606 3457 quidem
624 3366 713 3454 quod
733 3367 851 3433 statim
866 3366 925 3433 fiet
941 3366 1120 3435 describit:
1143 3375 1288 3456 utraque
1311 3390 1410 3434 manu
1433 3367 1566 3454 adipem
1585 3366 1697 3434 albam

389 3474 532 3561 arripit:
567 3495 607 3539 ne
643 3472 718 3560 quis
748 3472 916 3537 hominum
947 3473 1041 3560 prior
1072 3473 1185 3561 capiat
1216 3474 1304 3560 quod
1333 3474 1405 3559 ipse
1439 3472 1563 3538 habere
1595 3471 1700 3558 cupit,

387 3580 507 3647 timere
529 3577 674 3645 videtur.
720 3584 758 3643 11
779 3576 858 3643 alba
890 3577 989 3665 adipe
1011 3601 1074 3645 non
1100 3601 1187 3658 caro,
1219 3578 1298 3645 alba
1320 3600 1398 3644 ossa
1434 3584 1568 3644 tantum
1593 3576 1701 3642 conti·

390 3690 522 3752 nentur.
569 3685 726 3750 observes
750 3704 874 3771 quaeso
898 3683 1002 3750 verba
1026 3685 1147 3749 λευκὸν
1169 3684 1291 3767 diripe
1314 3687 1350 3748 et
1372 3680 1469 3747 ὀστέα
1493 3681 1595 3745 temeri
1609 3679 1702 3746 inter

389 3813 426 3858 11
450 3789 643 3877 composita.
681 3787 834 3854 consulto
857 3795 970 3854 autem
990 3789 1025 3853 in
1045 3788 1119 3873 ipso
1141 3786 1348 3853 narrationis
1368 3785 1434 3851 fine
1449 3786 1577 3873 repetit
1599 3790 1703 3872 poeta

388 3896 494 3964 verba
523 3892 620 3961 ὀστέα
651 3893 752 3958 λευκὰ
779 3895 858 3976 βοὸς
885 3895 983 3978 δολίῃ
1010 3890 1063 3957 ἐπὶ
1091 3891 1189 3979 τέχνῃ
1219 3913 1361 3958 eversu
1384 3890 1459 3957 540.
1504 3889 1572 3955 doli
1597 3911 1700 3957 causa

388 4023 466 4069 ossa
496 3998 595 4086 adipe
626 3998 761 4063 obtecta
791 4002 891 4064 erant
920 4034 965 4045 —
993 3997 1054 4063 hoc
1083 4019 1170 4062 nunc
1200 3996 1301 4063 etiam
1328 3995 1483 4082 Iuppiter
1518 3993 1701 4080 intellegit.

387 4127 473 4195 quae
495 4104 600 4172 verba
622 4103 676 4169 hic
699 4101 829 4168 omnino
858 4124 923 4168 non
954 4109 1094 4189 possent
1115 4101 1251 4185 iterari,
1285 4100 1351 4167 nisi
1375 4099 1471 4166 dolus
1494 4121 1574 4166 vere
1603 4104 1698 4166 esset

387 4211 568 4300 perfectus.
613 4213 688 4276 tota
710 4206 863 4274 narratio
886 4207 931 4274 ad
953 4207 1046 4274 vitae
1070 4206 1211 4293 speciem
1234 4227 1339 4293 prope
1359 4205 1497 4286 accedit,
1522 4204 1702 4291 praecipue

388 4315 501 4382 verbis
542 4314 707 4401 rebusque
747 4312 837 4378 inter
871 4333 907 4378 se
949 4311 1131 4399 oppositis,
1173 4310 1363 4376 absolvitur
1398 4315 1512 4376 autem
1545 4309 1701 4375 versibus

392 4420 573 4501 556-557,
599 4417 781 4505 dequibus
805 4438 909 4503 supra
931 4415 999 4483 iam
1021 4416 1154 4483 locutus
1179 4437 1261 4481 sum.

478 4524 592 4591 Etiam
626 4521 797 4609 Gruppius
824 4520 1122 4609 1111112213)
1154 4525 1190 4587 11
1219 4518 1408 4586 Puntonius
1439 4516 1536 4604 (1.1.)
1568 4539 1703 4584 sensum

390 4628 528 4697 fabulae
551 4634 642 4694 reete
665 4626 915 4709 intellexerunt,
940 4649 961 4693 1
976 4648 1041 4713 quo
1061 4631 1097 4692 et
1114 4625 1180 4711 ipsi
1199 4622 1424 4691 alienissimos
1440 4644 1515 4689 esse
1531 4644 1588 4689 vv.
1602 4622 1703 4707 55012

389 4736 665 4803 observaverunt.
700 4738 814 4800 tamen
834 4755 900 4798 non
923 4731 1023 4819 plane
1048 4754 1163 4798 verum
1185 4729 1354 4797 viderunt.
1388 4726 1577 4794 Puntonius
1602 4727 1700 4812 enim,

390 4838 542 4936 quamvis
565 4839 635 4906 sint
657 4837 760 4907 alieni
782 4860 902 4908 versus
920 4859 941 4905 a
959 4842 1035 4905 tota
1052 4835 1179 4920 fabula,
1202 4833 1367 4904 contineri
1390 4833 1439 4902 eis
1456 4831 1539 4900 dicit
1553 4831 1699 4901 alteram
