3659 5509
761 445 802 514 61

125 619 169 686 ab
207 618 358 687 Hesiodo
403 623 438 686 et
475 618 647 687 inventam
689 625 724 686 et
766 617 907 687 carmini
948 618 1110 686 insertam
1152 642 1226 688 esse
1268 644 1429 706 censeam,

122 722 186 790 hac
211 724 344 791 ratione
374 723 476 790 etiam
506 724 592 791 hanc
620 722 771 791 fabulam
792 721 942 790 Hesiodo
974 724 1223 792 attribuendam
1253 748 1328 794 esse
1357 751 1430 796 con·

123 827 261 895 tendere
298 830 446 897 fortasse
484 828 563 894 mihi
600 828 728 895 liceret.
780 833 893 894 tamen
934 827 1003 896 alia
1041 850 1180 916 prorsus
1218 839 1429 918 argumenta-

121 932 225 999 tionis
256 932 314 1001 via
344 932 477 1019 ingredi
507 932 610 1001 lubet.
667 932 743 1020 ipsa
775 932 861 999 enim
892 933 1089 1000 narratione
1120 933 1244 1002 indicia
1274 938 1429 1024 praeberi

123 1036 202 1104 mihi
232 1036 407 1119 videntur,
442 1037 563 1126 quibus
595 1036 763 1104 Hesiodus
795 1036 932 1104 fabulae
963 1042 1081 1104 auctor
1112 1041 1356 1127 comprobatur.
1387 1081 1429 1093 -

122 1162 242 1209 versus
275 1142 373 1224 1061?
406 1150 524 1229 aperte
557 1142 632 1210 ideo
664 1142 794 1209 inventi
828 1146 923 1218 sunt,
960 1148 999 1209 ut
1030 1143 1200 1211 transitus
1233 1145 1277 1212 ad
1309 1169 1429 1215 novam

10 1265 11 1268 ’
121 1247 351 1315 narrationem
379 1247 552 1315 efficiatur.
599 1247 671 1314 sive
698 1246 868 1313 Hesiodus
900 1246 973 1313 sive
1006 1246 1094 1314 alius
1125 1247 1250 1337 aliquis
1281 1251 1430 1321 fabulam

120 1350 285 1436 inseruit,
317 1352 444 1419 talibus
473 1351 629 1420 versibus
659 1352 886 1419 narrationem
915 1350 1064 1438 incipere
1090 1375 1226 1421 necesse
1249 1363 1332 1424 erat.
1377 1380 1430 1426 ar·

10 1451 11 1484 ³
121 1455 255 1523 tissime
278 1478 350 1523 cum
368 1456 443 1544 ipsa
462 1457 658 1524 narratione
674 1456 853 1523 cohaerent
875 1461 977 1543 atque
993 1456 1181 1525 inconsulte
1197 1457 1429 1549 Goettlingius

10 1565 12 1660 ὲ
121 1561 360 1647 varsus10617
382 1562 600 1629 removendos
625 1583 700 1628 esse
723 1561 850 1649 primus
873 1561 1014 1643 censuit,
1039 1584 1135 1648 quem
1150 1562 1319 1633 Rzachius
1337 1590 1430 1635 secu·

10 1683 12 1708 ³
122 1669 181 1732 tus
204 1670 269 1732 eat.
303 1688 388 1733 nnus
404 1666 630 1734 Kirchhcffius
653 1672 746 1734 recte
771 1688 840 1732 rem
861 1663 1037 1733 tractavit.
1071 1664 1303 1755 Goettlingiua
1318 1679 1430 1740 autem

122 1776 161 1837 et
181 1769 353 1838 Rzachius
376 1772 462 1859 quod
487 1770 528 1839 de
551 1771 658 1838 totius
681 1770 838 1838 carminis
867 1770 979 1838 indole
1006 1770 1165 1839 iudicium
1187 1773 1301 1841 ferant
1331 1778 1430 1846 nimis

122 1874 264 1942 obscure
287 1875 490 1963 significant.
527 1875 659 1943 etiamsi
681 1875 829 1943 fabulam
850 1875 891 1942 de
908 1875 1080 1943 aetatibus
1100 1876 1339 1964 interpolatam
1356 1903 1430 1950 esse

121 1979 342 2064 arbitrentur,
362 1982 525 2048 neminem
542 1980 625 2048 adeo
643 1980 890 2048 inconsiderate
905 2002 979 2065 rem
995 1981 1106 2067 egisse
1122 1981 1203 2049 licet
1218 1985 1428 2071 contendere,

10 2103 11 2154 ἴ
120 2089 162 2150 ut
176 2084 327 2153 fabulam
343 2087 414 2153 sina
429 2086 501 2152 ulla
519 2085 750 2152 coniunctione
768 2085 803 2152 in
823 2107 956 2152 carmen
974 2085 1151 2153 insereret.
1185 2088 1228 2154 ad
1246 2090 1429 2177 percipien-

10 2221 12 2248 t
123 2188 199 2255 dam
224 2212 381 2257 versuum
403 2191 501 2272 loesi
527 2198 634 2257 artem
657 2213 792 2257 versum
813 2190 876 2257 202
900 2212 1093 2278 comparare
1115 2192 1262 2279 perutile
1289 2201 1342 2262 est
1364 2219 1430 2285 quo

10 2305 11 2310 ’
120 2292 239 2361 fabula
262 2295 435 2383 accipitris
457 2295 628 2383 incipitur.
673 2295 787 2362 eodem
810 2294 905 2361 modo
929 2294 983 2362 hic
1006 2300 1107 2384 atque
1133 2295 1205 2364 illic
1232 2297 1306 2386 ipse
1327 2307 1430 2388 poeta

10 2407 12 2434 1
120 2420 237 2465 eornm
259 2400 317 2487 qui
346 2422 419 2467 eum
450 2400 633 2468 audiebant
662 2400 790 2468 animoa
821 2399 863 2467 ad
893 2399 930 2466 id
952 2400 1041 2487 quod
1070 2401 1187 2468 statim
1216 2405 1429 2490 expositurus

121 2509 176 2570 est
206 2504 384 2572 convertit.
429 2505 464 2571 in
493 2510 567 2572 toto
598 2505 729 2572 omnino
759 2505 904 2573 carmine
927 2504 1097 2573 Hesiodus
1127 2528 1163 2573 se
1193 2507 1266 2595 ipse
1291 2531 1429 2581 comme·

10 2693 11 2700 ἵ
119 2630 254 2676 morare
276 2609 364 2677 solet
387 2614 489 2697 atque
511 2632 548 2677 se
570 2609 642 2698 ipse
663 2608 853 2697 loquentem
874 2608 1013 2694 inducit,
1036 2610 1086 2676 ita
1105 2616 1145 2677 nt
1162 2633 1340 2698 personam
1356 2615 1429 2685 eins

10 2709 11 2792 J
119 2718 223 2802 atque
254 2712 424 2799 ingenium
456 2736 701 2800 cognoscamus.
746 2736 826 2782 vere
853 2714 973 2781 mirum
1003 2718 1110 2794 esset,
1145 2715 1175 2781 si
1204 2716 1429 2806 interpolator

119 2816 246 2905 aliquis
269 2822 367 2885 tanta
395 2823 468 2885 arte
491 2818 673 2885 Hesiodum
704 2817 856 2886 imitatus
887 2825 994 2903 esset,
1029 2824 1070 2885 ut
1100 2840 1171 2887 eam
1201 2820 1307 2908 ipsam
1331 2847 1429 2914 quam

119 2921 263 2990 Hesiodi
302 2925 472 3010 propriam
507 2945 581 2990 esse
614 2924 829 3010 cognovimus
867 2924 999 2991 dicendi
1040 2923 1205 2992 rationem
1247 2928 1428 2999 imitationi

119 3027 324 3095 adhibuerit.
370 3029 467 3094 immo
490 3030 556 3095 iam
578 3029 664 3096 satis
687 3028 778 3116 quali
807 3034 883 3096 arte
906 3029 1046 3096 Hesiodi
1075 3029 1265 3098 imitatores
1287 3039 1430 3105 utantur

118 3132 277 3200 vidimus.
322 3135 414 3200 certe
436 3133 520 3199 hanc
541 3138 668 3200 rectam
690 3132 907 3200 concludendi
931 3133 1096 3201 rationem
1121 3157 1187 3201 non
1210 3158 1285 3203 esse
1308 3160 1426 3208 censeo

118 3236 280 3304 carminis
302 3236 444 3304 alicuius
471 3243 599 3323 partem
628 3237 721 3304 cuius
749 3238 838 3303 ratio
861 3236 970 3323 ipsum
995 3243 1130 3326 poetam
1152 3246 1270 3327 aperte
1296 3242 1426 3312 indicat

10 3323 11 3348 l
117 3346 303 3430 propterea
324 3341 559 3429 interpolatori
575 3341 775 3425 attribuere,
796 3341 883 3428 quod
900 3342 1106 3409 narrationis
1125 3346 1296 3413 sententia
1310 3354 1429 3418 contra

119 3446 405 3536 exspectationem
432 3445 612 3534 profertur.
657 3468 763 3534 neque
795 3445 881 3512 enim
912 3452 1072 3534 quantum
1102 3448 1200 3516 video
1230 3450 1300 3518 alia
1329 3475 1427 3541 argu·

119 3558 236 3621 menta
264 3551 384 3639 quibus
413 3550 529 3617 fabula
560 3551 600 3616 de
629 3549 776 3638 quinque
805 3550 972 3617 hominum
1003 3552 1175 3619 aetatibus
1198 3553 1346 3624 Hesiodo
1370 3560 1427 3625 ab·

10 3675 12 3694 “
119 3657 331 3725 iudicatura
353 3655 437 3723 viria
460 3654 567 3722 doctis
589 3656 789 3722 afferuntur.
835 3654 924 3744 quod
952 3655 996 3722 ad
1020 3677 1140 3723 versus
1163 3657 1263 3742 10617
1287 3662 1329 3728 ab
1352 3664 1426 3750 ipso

10 3769 11 3780 ²
118 3760 269 3830 Hesiodo
291 3760 446 3828 inventos
477 3759 617 3842 attinet,
649 3760 751 3827 etiam
773 3758 899 3827 Persae
921 3758 1042 3827 fratris
1066 3760 1311 3831 adlocutionem
1333 3774 1425 3836 recte

118 3867 201 3934 mihi
230 3887 485 3935 commemorare
516 3864 634 3932 videor
661 3885 747 3952 quae
779 3863 823 3932 ad
854 3863 962 3931 totius
994 3864 1151 3933 carminis
1184 3871 1291 3935 artem
1323 3875 1426 3958 atque

119 3972 285 4040 rationem
300 3970 424 4058 optime
439 3968 685 4038 accommodata
701 3973 764 4036 est.
802 3969 961 4037 similiter
976 3974 1081 4058 atque
1100 3993 1201 4039 versu
1215 3974 1277 4040 107
1288 3973 1425 4061 Persen,

120 4083 160 4146 ut
180 4082 362 4165 praecepta
384 4075 493 4143 animo
516 4074 684 4162 mentique
706 4073 853 4157 mandet,
877 4073 1047 4142 Hesiodus
1070 4083 1182 4144 monet
1201 4077 1357 4146 versibus
1372 4080 1425 4165 27,

119 4182 193 4268 274,
214 4181 330 4266 reale,
355 4179 496 4247 similem
518 4179 643 4247 Persae
666 4178 910 4247 adlocutionem
933 4180 1099 4267 praebent
1120 4204 1240 4250 versus
1262 4183 1337 4267 213,
1360 4184 1425 4253 286

120 4287 214 4355 cuius
248 4285 292 4353 ad
322 4285 487 4354 rationem
520 4283 668 4371 proxime
699 4283 862 4352 accedunt
893 4306 1014 4352 versus
1047 4286 1156 4367 10617,
1191 4286 1271 4374 641,
1308 4310 1426 4377 regum

120 4414 240 4461 versus
261 4391 336 4474 201,
360 4390 434 4457 248.
480 4395 559 4477 apte
591 4397 702 4457 autem
733 4388 793 4456 hoc
825 4389 897 4456 loco
927 4388 1054 4457 Persen
1086 4390 1281 4478 adloquitur
1312 4400 1423 4481 poeta,

120 4519 192 4565 curn
213 4495 367 4583 proxima
389 4494 545 4561 carminis
568 4501 667 4581 parte
690 4493 733 4561 ad
756 4515 855 4578 reges
879 4493 1104 4562 admonendos
1125 4495 1271 4562 animum
1289 4520 1425 4567 conver·

119 4607 182 4684 tat,
216 4622 324 4688 neque
355 4599 386 4666 ei
415 4599 474 4686 qui
504 4598 661 4666 carminis
691 4597 865 4665 consilium
895 4604 931 4665 et
960 4598 1214 4686 dispositionem
1243 4602 1424 4672 aestimare

10 4769 11 4772 ,
120 4711 259 4774 conatur
288 4709 330 4772 et
352 4703 511 4771 Persen
541 4710 583 4770 et
612 4725 738 4790 reges
766 4702 911 4791 primum
940 4703 1110 4771 fabulis
1140 4705 1315 4774 admoneri
1345 4731 1424 4796 neg·

119 4808 233 4896 legere
263 4808 354 4878 licet.
409 4809 472 4876 hcc
496 4830 625 4896 quoque
655 4808 698 4875 ab
721 4809 795 4896 ipso
817 4815 918 4896 poeta
948 4809 998 4876 ita
1025 4831 1100 4876 asse
1126 4809 1320 4922 inspitntum
1343 4813 1425 4880 mihi

10 4957 11 4960 κ
119 4913 249 5002 quidem
274 4912 410 4998 uidetur
432 4919 525 4980 certo
548 4935 566 4979 e
589 4913 738 4997 consilio,
770 4935 834 5000 quo
858 4919 893 4979 et
914 4912 1074 5001 Meyerus
1098 4920 1133 4980 et
1155 4937 1217 5001 ego
1240 4916 1424 4985 Hesiodum
