3659 5509
1040 453 1082 523 66

407 653 482 700 esse
496 647 633 698 necesse
650 634 712 714 est,
732 649 826 697 muro
842 626 1042 698 circumdari
1058 637 1095 698 et
1109 654 1129 699 a
1144 637 1242 700 terra
1257 630 1388 699 secerni
1403 654 1502 720 posse
1519 630 1737 700 contendes?

404 775 446 785 -
462 742 579 823 partes
594 734 650 803 vel
666 734 820 821 regiones
837 734 977 802 Tartari
996 735 1075 804 inde
1093 758 1113 803 a
1128 759 1160 803 v.
1174 736 1239 805 729
1256 735 1501 804 describuntur.
1539 737 1590 804 ita
1606 741 1731 805 autem

403 841 518 930 posita
542 862 617 908 esse
639 840 811 923 videntur,
834 846 875 906 ut
897 841 1040 908 alteram
1064 847 1299 928 transgressus
1323 841 1366 909 ad
1382 840 1525 909 alteram
1539 842 1730 930 pervenias

404 968 512 1035 neque
535 946 646 1013 altera
671 968 772 1033 super
791 945 934 1013 alteram
950 946 1063 1034 posita
1080 946 1136 1013 sit.
1180 945 1240 1014 hoc
1256 954 1373 1034 aperte
1391 946 1563 1034 significat
1577 949 1730 1016 verbum

402 1054 497 1136 ἔνθα,
521 1073 585 1139 quo
610 1050 764 1137 singulae
785 1050 957 1137 regiones,
982 1073 1123 1138 quarum
1145 1051 1273 1120 incolas
1296 1051 1446 1119 nominat
1468 1059 1569 1140 poeta
1591 1092 1634 1101 —
1659 1052 1726 1140 qui

403 1261 505 1347 gonia
526 1260 620 1327 locus
643 1260 774 1327 omnino
797 1283 862 1327 non
886 1265 978 1328 esset
999 1299 1052 1345 -,
1077 1261 1169 1328 inter
1196 1284 1232 1329 se
1260 1266 1489 1329 conectuntur.
1535 1261 1579 1331 ad
1601 1268 1726 1330 terrae

403 1366 535 1434 radices
569 1366 659 1433 sicut
690 1365 725 1432 in
757 1365 912 1433 versibus
945 1389 1028 1454 quos
1063 1366 1159 1433 modo
1193 1367 1416 1434 tractavimus
1449 1367 1590 1436 Titanes
1624 1375 1721 1436 sunt

402 1470 465 1538 hoc
487 1471 594 1558 primo
617 1470 691 1538 loco
714 1471 853 1539 verbum
875 1474 963 1538 ἔνθα
985 1471 1117 1538 omnino
1140 1495 1205 1538 non
1228 1472 1458 1558 intellegitur,
1493 1473 1560 1542 nisi
1589 1473 1725 1539 mixtae

405 1575 674 1643 antecedentium
694 1598 852 1643 versuum
876 1576 1065 1643 sententiae
1088 1577 1220 1644 ratione
1242 1577 1369 1645 habita.
1419 1582 1532 1645 terrae
1561 1578 1721 1646 ‘radices‘

405 1685 521 1768 aperte
545 1679 588 1747 ad
611 1679 794 1748 Tartarum
817 1680 1074 1749 subterraneum
1096 1682 1283 1769 pertinent,
1314 1705 1386 1749 cum
1409 1683 1530 1771 quibus
1555 1682 1723 1750 Titanum

405 1785 500 1872 regio
524 1785 700 1853 coniuncta
723 1808 883 1853 essenon
906 1789 1032 1875 potest,
1056 1787 1121 1854 nisi
1145 1788 1207 1855 sub
1224 1789 1272 1856 eis
1295 1788 1408 1875 posita
1431 1795 1493 1855 est.
1534 1787 1587 1855 hic
1602 1794 1724 1855 autem

406 1913 525 1958 sensus
548 1915 569 1959 a
592 1892 694 1958 verbo
717 1894 803 1958 ἔνθα
831 1914 971 1980 prorsus
994 1892 1124 1960 alienus
1148 1899 1211 1960 est.
1256 1893 1286 1960 si
1308 1899 1383 1961 tota
1407 1893 1590 1982 descriptio
1614 1915 1722 1960 unam

404 1996 446 2063 de
462 1995 609 2064 Tartaro
633 1997 834 2065 sententiam
856 1997 1035 2085 proferret,
1061 1997 1163 2064 etiam
1182 1998 1236 2066 hic
1254 1997 1356 2083 πηγαὶ
1370 1996 1425 2064 καὶ
1441 2003 1579 2083 πείρατα
1600 2004 1723 2066 terrae

400 2101 614 2184 afferrentur,
631 2101 772 2190 adquae
788 2103 927 2169 verbum
943 2106 1030 2170 ἔνθα
1047 2109 1165 2190 aperte
1181 2109 1323 2190 spectat.
1362 2125 1470 2191 neque
1485 2127 1540 2170 vv.
1552 2104 1657 2183 73213
1674 2103 1722 2170 ad

402 2206 585 2274 Tartarum
601 2208 857 2275 subterraneum
873 2214 1040 2296 spectant,
1058 2208 1118 2275 sed
1133 2208 1177 2275 ad
1190 2208 1354 2294 regiones,
1372 2231 1458 2297 quae
1470 2209 1562 2276 ultra
1573 2230 1670 2275 mare
1683 2214 1723 2274 et

400 2311 566 2379 Oceanum
578 2312 710 2399 positae
725 2319 814 2379 sunt.
829 2353 868 2363 -
881 2337 912 2379 v.
925 2314 1025 2399 73619
1039 2335 1153 2381 errore
1168 2312 1231 2379 huc
1246 2313 1366 2380 inserti
1383 2320 1464 2381 sunt
1477 2336 1518 2381 cx
1529 2313 1641 2380 altera
1654 2313 1720 2380 illa

400 2415 465 2484 loci
480 2417 683 2500 recensione,
701 2439 787 2505 quae
800 2418 955 2485 versibus
968 2420 1141 2487 807-819
1155 2418 1346 2486 continetur
1359 2418 1545 2505 (736-739
1554 2449 1594 2473 =
1603 2419 1720 2484 807-

399 2522 486 2602 810).
523 2545 579 2588 vv.
594 2522 695 2601 74015
712 2522 834 2589 iterum
851 2522 891 2589 de
908 2522 1054 2590 Tartaro
1069 2524 1290 2590 subterraneo
1306 2528 1422 2609 agunt.
1462 2524 1518 2612 qui
1534 2531 1647 2590 autem
1665 2544 1719 2591 se

400 2631 551 2714 quantur
574 2648 693 2693 versus
716 2627 915 2712 (746-757)
939 2628 1081 2694 alteram
1104 2650 1223 2696 rursus
1246 2628 1449 2696 sententiam
1472 2628 1650 2715 proferunt
1675 2628 1719 2695 de

400 2731 594 2817 regionibus
624 2731 717 2799 ultra
741 2731 908 2799 Oceanum
939 2733 1073 2820 positis.
1119 2755 1260 2821 quonam
1284 2733 1380 2800 modo
1404 2772 1446 2783 -
1469 2733 1505 2800 id
1528 2732 1617 2821 quod
1638 2731 1718 2799 fieri

395 2858 533 2903 necesse
551 2843 652 2920 esset,
677 2837 707 2904 si
723 2837 764 2904 de
779 2836 927 2904 Tartaro
951 2838 1172 2906 subterraneo
1188 2847 1349 2925 ageretur
1374 2877 1405 2886 —
1426 2840 1565 2906 verbum
1580 2840 1717 2921 πρόσθε

399 2940 445 3026 (v.
469 2940 546 3027 746)
576 2963 710 3008 sensum
739 2942 833 3008 verbi
864 2944 1016 3028 ὕπερθεν
1045 2941 1170 3010 habere
1199 2944 1338 3030 potest?
1382 2942 1605 3010 nullomodo.
1652 2942 1716 3009 sed

398 3045 450 3112 ita
471 3068 526 3113 res
550 3052 604 3113 est
627 3046 823 3130 constituta,
855 3054 904 3131 ut,
936 3070 1008 3114 cum
1038 3048 1315 3116 antecedentibus
1338 3049 1378 3116 de
1403 3048 1583 3115 Titanibus
1606 3070 1715 3135 prope

399 3150 443 3217 ad
466 3149 590 3217 Oceani
612 3151 707 3238 ripas
730 3150 965 3219 habitantibus
988 3153 1121 3219 locutus
1145 3153 1325 3241 aitpoeta,
1353 3153 1509 3221 hocloco
1532 3153 1714 3220 Atlantem

397 3263 477 3323 ante
500 3253 640 3323 Titanes
669 3257 890 3324 constitutum
921 3280 995 3325 esse
1020 3257 1121 3325 dicat.
1166 3258 1222 3346 qui
1255 3258 1362 3345 igitur
1395 3281 1415 3326 a
1446 3265 1541 3326 terra
1571 3258 1713 3325 veniens

396 3358 562 3426 Oceanum
591 3360 697 3428 fuerit
728 3366 984 3448 transgressus,
1019 3363 1053 3429 in
1077 3370 1205 3446 terrae,
1239 3363 1325 3430 caeli
1348 3368 1383 3430 et
1407 3362 1564 3431 ‘Tartari’
1587 3361 1713 3429 finibus

394 3463 572 3532 Atlantem
595 3466 724 3533 caelum
746 3466 909 3534 ferentem
939 3468 1083 3555 primum
1111 3468 1259 3553 videbit,
1294 3475 1366 3535 tum
1390 3468 1531 3536 Titanes
1554 3491 1575 3534 a
1598 3466 1713 3535 Centi-

395 3569 504 3636 manis
533 3571 729 3639 custoditos.
775 3572 889 3662 itaque
920 3596 1026 3660 parvo
1050 3579 1183 3641 tantum
1212 3574 1324 3662 spatio
1347 3574 1451 3640 Atlas
1474 3597 1495 3641 a
1518 3572 1710 3657 Titanibus,

399 3696 540 3762 quorum
561 3675 596 3742 in
613 3698 749 3744 numero
773 3677 846 3765 ipse
869 3677 1006 3745 videtur
1030 3678 1203 3746 habendus
1226 3702 1310 3761 esse,
1335 3678 1533 3746 secernitur.
1570 3679 1711 3745 eandem

395 3781 598 3847 sententiam
630 3782 785 3850 versibus
816 3783 991 3850 807-819
1022 3784 1167 3870 proferri
1198 3785 1360 3867 vidimus,
1393 3784 1462 3850 nisi
1491 3783 1580 3871 quod
1603 3783 1709 3850 Atlas

397 3883 469 3951 illie
491 3885 635 3952 omissus
658 3893 721 3954 est.
767 3888 850 3954 bene
873 3894 985 3955 autem
1009 3888 1063 3956 hic
1085 3889 1241 3974 adicitur,
1272 3890 1332 3956 ubi
1358 3889 1443 3956 caeli
1465 3910 1595 3977 quoque
1619 3888 1710 3977 quod

396 3989 466 4056 fert
487 3989 569 4057 fines
594 4013 668 4057 esse
691 3991 859 4058 dicuntur.
904 4001 1025 4080 aperta
1048 4017 1104 4060 res
1127 3993 1166 4061 fit
1189 3994 1239 4061 eis
1262 3995 1434 4078 versibus,
1465 3994 1586 4082 quibus
1618 3994 1708 4081 apud

396 4093 574 4161 Atlantem
596 4095 679 4163 Dies
701 4095 842 4164 Noctem
865 4098 1044 4165 convenire
1069 4099 1204 4166 dicitur.
1248 4099 1331 4167 Dies
1360 4103 1425 4166 ἔσω
1454 4099 1499 4180 it,
1535 4120 1608 4165 cum
1631 4098 1709 4167 Nox

397 4198 521 4284 θύραζε
537 4201 674 4288 ἔρχεται.
712 4224 791 4268 num
807 4202 905 4268 Diem
920 4201 1127 4292 Noctemque
1151 4227 1168 4272 e
1185 4204 1331 4272 Tartaro
1351 4204 1570 4271 subterraneo
1591 4203 1708 4271 venire

394 4327 456 4393 per
477 4311 604 4373 terram
627 4306 740 4375 dices?
784 4307 854 4374 noli
878 4330 1002 4395 quaeso
1026 4310 1197 4377 offendere
1224 4309 1260 4376 in
1289 4311 1391 4379 verbo
1414 4312 1633 4394 καταβήσεται
1656 4315 1708 4375 at·

394 4432 458 4499 que
480 4410 541 4478 hoc
563 4411 665 4480 verbo
689 4411 872 4479 Tartarum
895 4413 1039 4480 indicari
1062 4415 1317 4482 subterraneum
1340 4413 1552 4481 contendere.
1591 4412 1708 4481 eodem

393 4515 480 4584 enim
509 4517 604 4584 modo
628 4540 693 4606 quo
716 4517 762 4603 (v.
786 4518 864 4603 729)
889 4518 977 4585 ‘brol
1003 4523 1156 4605 Τιτῆνες,
1188 4520 1315 4608 inquit,
1347 4520 1413 4585 ὑπὸ
1443 4521 1533 4605 ζόφῳ
1556 4519 1706 4606 ἠερόεντι

396 4622 620 4706 ιιειιρύφαται’,
654 4622 712 4689 ubi
742 4630 882 4712 propter
910 4625 1050 4692 verbum
1081 4628 1168 4691 ἔνθα
1193 4625 1234 4692 de
1257 4623 1488 4692 subterraneis
1511 4622 1707 4710 regionibus

394 4726 545 4813 cogitare
578 4749 644 4795 non
674 4727 772 4811 licet,
808 4727 940 4809 eodem,
975 4729 1045 4811 aio,
1082 4730 1179 4798 modo
1201 4729 1256 4796 hic
1277 4728 1374 4796 Diem
1403 4731 1469 4794 ἔσω
1492 4732 1707 4814 καταβαίνειν

394 4831 487 4900 dicit.
533 4832 683 4900 tenebris
706 4834 793 4900 enim
816 4833 992 4900 immersus
1016 4835 1067 4902 ita
1090 4836 1290 4917 occultatur,
1321 4840 1361 4902 nt
1389 4834 1462 4921 ipse
1486 4856 1617 4922 quoque
1639 4835 1707 4902 ὑπὸ

393 4941 484 5030 ζόφῳ
518 4937 654 5007 celetur.
709 4939 776 5007 iam
800 4935 1009 5009 Voelokcrus
1042 4942 1100 5031 qui
1131 4940 1247 5011 libello
1279 4963 1340 5010 suo
1373 4941 1465 5011 ‘iiber
1496 4940 1708 5010 homeriscbe
