3659 5509
757 461 800 527 59

107 630 216 718 quod
240 631 284 699 ad
306 630 507 699 sententiam
530 629 672 712 attinet,
708 652 779 698 cum
802 631 958 698 versibus
981 632 1059 699 20-
1068 633 1126 714 24,
1162 631 1339 719 praecipue
1362 651 1436 696 oum

108 756 231 802 versu
255 736 298 802 24
328 741 404 803 arte
434 736 624 803 cohaerent.
669 736 757 823 quod
788 735 818 801 si
840 735 1010 803 Hesiodus
1033 735 1186 803 consulto
1208 737 1260 803 ita
1282 733 1436 802 instituit

109 845 231 927 atque
256 847 347 909 certo
372 863 390 908 e
412 841 552 909 consilio
575 841 756 907 transitum
780 840 823 907 ad
847 840 907 907 hos
931 862 1050 909 versus
1073 841 1290 928 comparavit,
1317 860 1436 906 versus

109 944 230 1012 etiam
263 946 331 1012 elio
361 968 380 1013 e
411 943 551 1013 consilio
580 945 736 1011 inventos
767 967 841 1012 esse
872 945 946 1012 iure
969 946 1190 1033 suspicamur,
1226 967 1325 1033 quam
1347 942 1436 1031 quod

110 1048 237 1116 adhuc
259 1050 492 1118 tractavimus.
537 1072 644 1138 neque
674 1050 777 1132 enim,
812 1057 852 1118 ut
882 1049 944 1117 hoc
974 1051 1131 1132 adiciam,
1165 1050 1320 1116 dubitare
1343 1049 1433 1130 licet,

109 1152 207 1242 quin
241 1155 347 1242 ipsius
376 1154 517 1222 Hesiodi
548 1177 667 1222 versus
700 1155 779 1221 sint.
824 1154 970 1222 vidimus
1001 1178 1066 1245 quo
1097 1156 1192 1222 modo
1224 1177 1296 1220 cum
1328 1152 1435 1220 totius

112 1259 288 1326 carminis
319 1266 516 1345 argumento
548 1265 684 1342 coeant,
719 1282 784 1348 quo
806 1260 902 1326 modo
927 1284 957 1327 v.
980 1261 1025 1326 44
1057 1260 1099 1326 ad
1122 1284 1154 1326 v.
1177 1260 1230 1343 20,
1264 1283 1297 1325 v.
1320 1258 1363 1323 45
1392 1256 1434 1324 ed

111 1385 250 1431 versus
279 1364 320 1431 de
349 1364 567 1450 navigatione
596 1371 736 1450 agentes
766 1371 930 1451 spectent.
976 1366 1035 1432 sed
1058 1366 1086 1432 si
1114 1366 1199 1453 ipsis
1222 1366 1255 1431 in
1279 1363 1434 1430 versibus

112 1469 304 1537 consilium
327 1491 484 1537 versuum
507 1492 573 1536 non
596 1476 719 1552 exstat,
744 1493 827 1558 quos
850 1475 962 1537 tamma
986 1470 1125 1537 consilio
1149 1469 1261 1557 aliquo
1281 1469 1436 1536 inventos

112 1593 202 1640 esse
227 1573 385 1660 colligere
408 1573 514 1658 licuit,
538 1581 678 1662 propter
698 1574 784 1642 alies
807 1597 862 1642 res
880 1581 1000 1661 postea
1019 1574 1225 1642 enarrandas
1243 1596 1363 1643 versus
1386 1573 1435 1638 in·

113 1684 249 1745 ventos
269 1701 342 1746 esse
363 1679 596 1747 concludamus
614 1702 749 1747 necesse
770 1687 832 1746 est,
869 1703 913 1746 an
929 1701 1008 1747 vere
1024 1680 1208 1747 transitum
1226 1678 1374 1746 efficiunt
1392 1677 1436 1744 ad

113 1805 263 1849 versum
285 1782 359 1868 202,
383 1806 447 1871 quo
470 1807 602 1851 versum
625 1785 668 1852 49
690 1784 797 1871 excipi
822 1784 937 1850 dicunt
959 1784 1025 1850 viri
1043 1784 1156 1850 docti?
1194 1784 1286 1851 nullo
1302 1782 1434 1849 omnino

115 1887 318 1955 sententiae
333 1888 467 1955 vinculo
483 1888 599 1955 fabula
614 1889 795 1977 accipitris,
816 1911 882 1976 qua
898 1889 941 1957 ad
957 1911 1073 1975 regum
1087 1889 1244 1955 iniuriam
1261 1887 1435 1970 alluditur,

116 2014 202 2060 oum
225 1992 279 2059 his
302 1993 456 2061 versibus
479 1994 655 2061 coniuncta
678 1998 741 2060 est.
776 2016 842 2082 qua
861 2016 934 2060 cum
953 2015 990 2061 re
1007 1993 1131 2081 optime
1148 1999 1337 2079 congruunt
1351 2011 1437 2079 quae

119 2119 234 2185 supra
256 2096 312 2184 (ad
335 2121 367 2164 v.
391 2098 468 2184 202)
492 2098 533 2164 de
556 2098 693 2165 insolito
717 2099 872 2165 carminis
894 2120 1079 2187 progressu
1102 2098 1293 2165 statuimus.

217 2201 336 2291 Neque
359 2224 439 2270 vero
462 2203 496 2269 in
519 2202 692 2269 laboribus
714 2209 846 2270 tantum
869 2203 1093 2289 suscipiendis
1116 2207 1297 2270 versantur
1317 2222 1437 2268 versus

118 2307 170 2373 42
195 2329 280 2395 sqq,
314 2308 373 2374 sed
403 2308 515 2394 magni
547 2307 705 2374 momenti
726 2307 819 2373 Iovis
842 2308 1106 2375 malivolentiam
1133 2308 1168 2373 in
1191 2308 1340 2374 homines
1363 2327 1438 2372 esse

118 2433 224 2479 nemo
254 2411 353 2479 facile
382 2411 549 2498 negleget.
594 2411 751 2499 Iuppiter
773 2433 794 2478 a
816 2411 1017 2479 Prometheo
1046 2412 1206 2500 deceptus
1236 2412 1438 2478 frumentum

120 2522 224 2584 terra
248 2516 410 2600 condidit,
441 2522 581 2603 propter
601 2517 795 2584 Promethei
817 2516 969 2583 fraudem
993 2517 1027 2582 in
1051 2518 1199 2584 homiues
1223 2516 1438 2584 vehementer

120 2620 240 2687 iratus
277 2642 400 2705 magna
434 2621 523 2687 mala
560 2620 748 2688 hominibus
786 2621 1004 2708 comparavit.
1065 2622 1124 2688 sed
1161 2644 1229 2710 qua
1262 2622 1303 2688 de
1337 2641 1438 2687 cansa

121 2723 352 2792 Prometheus
388 2723 441 2791 hic
473 2725 641 2792 affertur?
684 2724 878 2792 Promethei
909 2725 1059 2793 fabulam
1089 2727 1207 2792 mirum
1241 2728 1275 2792 in
1306 2724 1437 2793 modum

123 2830 278 2897 mutavit
309 2829 479 2898 Hesiodus
513 2830 570 2917 qui
610 2831 683 2916 ipse
716 2831 750 2895 in
781 2828 976 2916 Theogonis
1009 2831 1108 2918 plane
1142 2832 1243 2898 eliam
1273 2829 1436 2898 narravit.

124 2934 235 3002 etiam
257 2933 413 3002 hocloco
435 2940 568 3022 poetam
591 2938 685 3001 certo
708 2933 821 3022 aliquo
844 2934 984 3001 consilio
1005 2957 1102 3002 usum
1126 2959 1200 3002 esse
1223 2958 1288 3002 non
1311 2942 1438 3002 temere

128 3039 216 3106 mihi
240 3038 356 3106 videor
384 3038 559 3126 suspicari.
606 3038 841 3126 contempleris
864 3061 988 3127 quaeso
1012 3060 1131 3107 versus
1152 3040 1298 3106 42-46:
1332 3061 1441 3106 nonne

127 3142 220 3210 satis
243 3164 327 3229 quae
357 3143 445 3209 mala
475 3143 638 3230 perdens
669 3143 703 3208 in
730 3148 858 3210 terram
884 3144 1042 3211 venerint
1067 3144 1236 3233 explicare
1259 3143 1439 3212 videntur?

128 3246 312 3327 Hesiodus,
348 3247 378 3314 si
403 3247 466 3313 hoo
490 3248 596 3314 solum
623 3270 789 3335 exponere
813 3247 994 3329 voluisset,
1030 3250 1102 3320 sine
1125 3251 1314 3316 sententiae
1336 3248 1438 3315 detri-

126 3355 244 3419 mento
274 3349 507 3420 Prometheum
542 3352 602 3419 hoc
641 3351 713 3419 loco
748 3353 872 3421 afferre
906 3354 1125 3440 supersedere
1157 3354 1336 3442 potuisset.
1400 3359 1438 3420 at

127 3454 323 3522 Promethei
345 3454 494 3523 fabulam
517 3456 663 3543 aliquam
688 3457 820 3538 adiecit,
844 3479 943 3544 quam
968 3457 1040 3544 ipse
1061 3464 1201 3546 propter
1222 3459 1309 3525 hunc
1329 3458 1438 3525 locum

126 3559 301 3626 invenisse
332 3559 483 3642 videtur,
519 3582 591 3626 cum
625 3559 711 3627 alias
746 3561 922 3628 memoriae
954 3562 1085 3629 omnino
1119 3586 1185 3629 non
1219 3562 1349 3630 tradita
1381 3562 1438 3632 sit.

129 3662 218 3730 satis
253 3662 404 3730 obscuris
437 3663 551 3730 verbis
584 3662 776 3731 Promethei
810 3665 962 3732 fraudem
996 3665 1166 3751 significat
1199 3667 1306 3753 magis
1340 3688 1438 3755 quem

130 3773 269 3850 narrat,
300 3766 352 3834 ita
379 3772 419 3834 ut
443 3767 579 3834 dubium
606 3767 670 3851 sit,
703 3775 842 3835 utram
865 3769 1018 3837 fraudem
1041 3770 1141 3855 (duas
1164 3772 1308 3838 enimin
1331 3771 1438 3838 Theo·

131 3873 235 3958 genia
257 3871 425 3955 narravit)
449 3879 690 3940 commemoret.
736 3872 848 3940 facere
870 3895 935 3939 non
958 3896 1103 3961 possum,
1136 3875 1216 3963 quin
1239 3898 1277 3942 eo
1301 3874 1438 3942 consilio

131 3975 316 4043 Hesiodum
339 3974 382 4041 ad
399 3975 589 4043 Promethei
612 3976 761 4043 fabulam
785 3977 846 4044 boc
868 3978 951 4060 loco,
976 4001 1040 4066 quo
1064 4001 1145 4046 sane
1169 3986 1286 4046 eontra
1306 4001 1438 4066 exspec-

131 4080 295 4148 tationem
329 4087 620 4164 commemoratur,
659 4079 817 4148 allusisse
855 4103 1024 4163 censeam,
1063 4090 1103 4149 ut
1135 4084 1362 4152 narrationem
1398 4084 1438 4150 de

131 4185 242 4273 prima
275 4183 413 4252 muliere
451 4190 566 4253 ereata
601 4186 740 4252 carmini
776 4187 952 4254 insereret.
1008 4210 1106 4274 quam
1140 4188 1288 4256 fabulam
1326 4187 1439 4275 aliquo

131 4289 229 4356 modo
252 4310 326 4355 cum
345 4288 546 4356 Prometheo
570 4290 778 4357 coniunctam
802 4292 907 4358 fuisse
930 4291 996 4359 iem
1017 4292 1262 4378 eTheogoniae
1285 4292 1439 4360 versibus

132 4394 308 4461 512-514
330 4394 524 4461 concludere
548 4394 637 4474 licet,
662 4401 702 4460 ut
724 4417 798 4460 eum
821 4396 927 4462 solum
950 4396 1058 4464 locum
1081 4398 1231 4480 afferam,
1255 4398 1313 4485 qui
1331 4419 1349 4464 e
1365 4419 1439 4463 con·

133 4519 237 4566 sensu
260 4498 404 4564 omnium
427 4499 567 4565 Hesiodi
592 4505 655 4565 est.
701 4520 742 4565 ex
764 4521 829 4587 quo
852 4501 924 4568 loco
954 4503 1055 4571 etiam
1084 4503 1120 4569 id
1146 4502 1218 4569 iure
1240 4502 1439 4588 colligimus,

134 4601 319 4670 Hesiodum
342 4601 486 4669 feminae
509 4604 710 4670 creationem
732 4603 808 4672 Iovi
831 4605 963 4674 crimini
986 4607 1084 4690 dare,
1114 4629 1187 4676 cum
1211 4606 1441 4694 Epimetheus,

135 4707 192 4795 qui
216 4705 388 4773 mulierem
413 4727 433 4773 a
454 4707 537 4773 Iove
567 4707 679 4774 fictam
709 4709 854 4796 recepit,
887 4712 979 4776 viros
1010 4711 1097 4778 malo
1120 4712 1275 4778 affecisse
1298 4711 1440 4778 dicatur.

135 4813 251 4899 itaque
273 4809 354 4877 haec
377 4832 507 4898 quoque
529 4811 762 4880 malivolentia
784 4813 878 4879 Iovis
901 4822 964 4880 est.
1003 4837 1074 4881 oum
1095 4823 1206 4883 autem
1224 4817 1267 4883 ab
1283 4816 1440 4899 Hesiodo,

133 4914 348 5001 Theogoniae
378 4922 525 4998 auctore,
559 4914 705 4984 alienum
727 4940 792 4985 non
815 4939 890 4986 esse
913 4918 1080 5000 videatur,
1113 4920 1214 4988 etiam
1237 4921 1271 4987 iu
1295 4921 1439 4988 alterum
