3659 5509
1036 430 1080 495 50

407 606 547 672 extremi
579 612 810 690 argumentum
845 602 1030 689 significat,
1066 624 1140 668 cum
1169 607 1323 687 tempora
1356 606 1392 668 et
1421 600 1642 686 agriculturae
1669 608 1699 667 at

405 710 634 796 navigationis
664 717 783 797 postea
806 711 853 776 sit
875 709 1101 795 expositurus.
1148 704 1380 772 Kirchhoffius
1403 706 1465 771 boc
1488 727 1569 772 casu
1589 704 1700 771 factum

406 837 480 881 esse
503 814 684 881 contendat
707 837 842 881 necesse
859 821 929 896 est;
955 812 1015 878 scd
1037 812 1111 877 iure
1130 810 1213 896 agit,
1237 810 1294 897 qui
1319 819 1411 877 certo
1434 819 1556 896 poetae
1578 810 1701 876 consilio

404 919 492 985 hunc
515 919 759 985 sententiarum
782 940 942 984 conexum
972 914 1223 982 attribuendum
1256 936 1330 980 esse
1363 920 1485 981 censet
1540 936 1641 1001 neque
1667 913 1702 981 do
1820 961 1821 982 .

405 1022 553 1089 Hesiodo
572 1024 645 1109 ipso
663 1030 800 1089 auctore
816 1043 974 1089 versuum
986 1022 1028 1085 42
1042 1043 1115 1108 sqq.
1139 1042 1211 1086 cum
1234 1028 1374 1106 propter
1391 1042 1549 1086 versuum
1573 1018 1702 1085 indolem

406 1135 477 1193 tum
499 1134 637 1214 propter
666 1129 776 1215 ipsum
809 1148 838 1194 v.
861 1128 904 1193 45
929 1126 1084 1192 dubitare
1107 1125 1198 1191 licet.
1244 1124 1347 1191 ctiam
1370 1125 1440 1191 alia
1462 1146 1518 1191 res
1542 1123 1702 1190 statimin

405 1232 466 1298 boo
496 1233 618 1319 prime,
652 1232 739 1319 quod
770 1233 851 1298 dicit
880 1230 1128 1311 Kirchhoffius,
1162 1229 1331 1295 ‘carmine’
1359 1229 1521 1296 monenda
1552 1235 1613 1294 est.
1654 1228 1703 1314 qui

406 1337 492 1402 anim
526 1336 586 1402 boc
620 1344 655 1403 et
687 1335 863 1423 sequentia
888 1335 1055 1402 ‘carmina'
1086 1340 1219 1400 attento
1252 1333 1362 1400 animo
1391 1331 1648 1419 comparaverit,
1677 1331 1702 1397 ei

408 1462 494 1528 quae
527 1449 561 1506 et
594 1449 721 1528 quanta
752 1440 946 1507 differentia
978 1441 1068 1505 inter
1101 1438 1244 1525 primum
1277 1446 1312 1504 et
1344 1438 1520 1525 sequentia
1552 1436 1703 1504 ‘carmina'

405 1544 595 1611 intercedat
623 1546 811 1632 apparebit.
869 1545 1023 1611 nimirum
1048 1543 1170 1609 ceteris
1194 1541 1339 1630 Operum
1365 1542 1598 1622 ‘carminibus',
1629 1563 1703 1628 quae

407 1649 618 1716 Kirohhoffio
650 1656 766 1736 partes
801 1673 842 1717 ex
876 1672 912 1716 se
946 1655 1045 1736 aptae
1079 1670 1153 1714 esse
1184 1647 1359 1728 videntur,
1394 1647 1467 1713 sive
1490 1646 1615 1713 Persae
1642 1645 1705 1711 sive

406 1755 543 1839 regibus
568 1777 645 1820 una
669 1763 800 1821 tantum
824 1777 878 1821 res
899 1755 994 1820 varie
1018 1754 1204 1839 exponitur,
1237 1751 1367 1819 scilicet
1397 1752 1531 1818 iustitia
1560 1753 1594 1817 in
1615 1751 1704 1817 rebus

409 1860 561 1925 humanis
594 1882 677 1946 opus
709 1884 801 1940 esse,
837 1860 958 1925 deinde
987 1866 1164 1945 postquam
1194 1857 1376 1923 transitum
1400 1855 1481 1923 fecit
1508 1855 1552 1922 ad
1575 1855 1706 1922 alteram

408 1965 566 2030 carminis
589 1971 730 2051 partem,
756 1965 796 2030 de
819 1964 993 2030 laboribus
1015 1969 1149 2028 tantum
1171 1961 1332 2048 loquitur.
1364 1961 1418 2027 his
1434 1966 1546 2027 autem
1564 1960 1708 2026 versibus

408 2069 766 2156 (11—48)utrumque
790 2068 947 2134 carminis
972 2075 1221 2152 argumentum,
1255 2065 1342 2152 quod
1366 2066 1410 2131 ad
1431 2065 1558 2132 Persen
1582 2064 1708 2144 attinet,

408 2173 630 2257 significatur,
660 2174 808 2240 scilicet:
842 2182 877 2239 et
899 2172 1033 2237 iustitia
1057 2177 1092 2237 ct
1114 2170 1286 2237 laboribus
1311 2193 1393 2257 opus
1417 2192 1500 2236 esse.
1547 2192 1630 2257 quae
1650 2169 1711 2234 dif-

408 2277 553 2343 ferentia
583 2278 625 2343 ad
654 2278 762 2344 totius
792 2277 950 2344 carminis
974 2281 1180 2343 structuram
1202 2274 1360 2361 pertinet.
1405 2274 1607 2361 respondere
1629 2272 1710 2340 enim

408 2381 544 2447 videtur
574 2381 655 2448 haec
685 2381 842 2449 carminis
874 2405 954 2468 pars
982 2385 1051 2464 (vv.
1077 2381 1117 2446 11
1143 2380 1228 2467 sqq.)
1252 2379 1431 2466 prooemio.
1477 2379 1712 2466 quodquidam

409 2509 474 2552 non
498 2486 604 2552 solum
627 2487 854 2573 prooemiandi
879 2509 981 2553 causa
1004 2485 1222 2572 compositum
1246 2490 1315 2565 ast,
1349 2493 1389 2549 ut
1410 2483 1478 2550 Leo
1501 2485 1567 2551 iam
1590 2483 1712 2569 signifi·

409 2591 510 2671 cavit,
535 2590 594 2656 sed
617 2591 690 2677 ipso
710 2591 878 2677 prooemio
899 2591 965 2657 iam
989 2589 1133 2655 alterum
1157 2588 1315 2655 carminis
1340 2594 1571 2673 argumentum
1590 2588 1713 2675 profer·

410 2701 483 2760 tur:
508 2717 580 2759 oum
595 2695 690 2761 Iovis
714 2695 926 2761 adlocutione
950 2692 1073 2780 optime
1097 2693 1273 2760 coniuncta
1297 2701 1350 2759 ast
1373 2694 1552 2760 obscurata
1574 2693 1715 2760 iudicum

413 2798 634 2884 significatio,
670 2822 753 2887 quos
789 2799 891 2865 etiam
925 2799 957 2863 in
993 2799 1066 2884 ipso
1102 2799 1247 2865 carmine
1281 2803 1382 2884 poeta
1414 2799 1575 2884 increpat.
1622 2822 1653 2864 v.
1677 2799 1716 2864 10

411 2903 553 2990 denique
588 2902 632 2969 ad
652 2902 786 2969 Persen
820 2905 962 2968 fratrem
997 2902 1244 2990 praevertitur3
1279 2901 1332 2968 cui
1364 2901 1445 2990 quid
1477 2902 1629 2969 dicturus
1660 2903 1714 2982 sit,

410 3007 552 3095 primum
568 3030 628 3094 per
640 3007 852 3073 Discordiam
870 3006 1034 3094 duplicem
1052 3006 1231 3092 significat,
1249 3013 1320 3072 tum
1336 3006 1426 3087 (inde
1442 3029 1505 3074 av.
1515 3007 1572 3092 27)
1588 3008 1715 3094 apertis

411 3111 524 3179 verbis
547 3113 694 3199 exponit.
740 3112 788 3179 sic
812 3112 914 3177 ctiam
937 3112 1092 3177 versibus
1111 3112 1248 3191 11—48,
1273 3110 1330 3198 qui
1353 3111 1418 3197 ipsi
1442 3112 1477 3176 in
1496 3111 1579 3177 duas
1600 3120 1716 3198 partes

411 3223 640 3299 secernuntur,
671 3225 869 3301 argumento
894 3222 1055 3302 occupato
1079 3216 1211 3303 quidem
1241 3216 1300 3282 sed
1328 3215 1472 3281 nondum
1495 3215 1651 3283 incohato
1673 3217 1716 3283 ad

410 3319 517 3387 totius
540 3320 696 3387 carminis
721 3328 953 3406 argumentum
977 3320 1121 3387 alterum
1145 3319 1400 3405 significandum
1424 3319 1543 3386 utitur.
1567 3358 1610 3368 -
1637 3320 1717 3387 haec

411 3425 499 3491 ratio
523 3424 612 3490 inter
634 3425 695 3491 hos
719 3448 837 3492 versus
862 3433 896 3491 et
920 3425 1096 3512 sequentia
1111 3424 1313 3491 Kirchbol'fii
1337 3425 1503 3492 ‘carmina’
1527 3424 1716 3507 intercedit,

411 3551 478 3616 qua
506 3529 641 3613 cognita
670 3530 710 3595 de
741 3529 966 3616 compluribus
996 3529 1218 3597 'carminibus’
1248 3551 1290 3597 ne
1319 3530 1503 3615 cogitemus
1533 3530 1643 3596 nescio
1676 3554 1716 3596 an

411 3630 640 3718 impediamur.

496 3734 584 3804 Tota
606 3743 704 3825 parte
728 3737 956 3825 mythologice
983 3738 1044 3804 hoo
1067 3736 1200 3825 quidem
1224 3737 1296 3805 loco
1319 3737 1560 3825 praetermissa
1581 3736 1649 3803 iam
1674 3737 1716 3805 ad

411 3841 590 3908 secundum
614 3840 815 3908 Kirchhot'fii
840 3843 992 3909 ‘carmen'
1016 3841 1219 3924 accedimus,
1255 3864 1299 3909 so.
1324 3841 1367 3909 ad
1390 3864 1509 3909 versus
1531 3841 1715 3924 aot-212,

410 3946 467 4033 qui
490 3945 533 4012 ad
557 3968 653 4030 reges
677 3947 857 4032 pertinent.
904 3946 1021 4012 fabula
1043 3947 1153 4013 utitur
1175 3946 1361 4029 Hesiodus,
1391 3952 1431 4013 ut
1453 3970 1518 4034 quo
1541 3946 1636 4013 modo
1661 3967 1715 4013 res

411 4056 534 4135 gerant
564 4049 700 4136 regibus
731 4049 837 4133 dicat,
875 4057 910 4117 et
943 4051 1016 4137 ipsa
1044 4049 1274 4118 Kirohhoffius
1304 4052 1366 4117 hoc
1396 4052 1548 4118 ‘carmen'
1578 4052 1621 4118 ad
1644 4073 1716 4118 eas·

410 4154 482 4221 dem
507 4177 561 4221 res
585 4154 755 4241 pertinere
772 4177 835 4242 quo
854 4155 996 4242 primum
1013 4177 1143 4243 quoque
1160 4156 1309 4223 ‘carmen'
1327 4155 1489 4223 concedit.
1527 4178 1625 4243 quam
1642 4177 1714 4223 oon·

330 4243 340 4257 ⁶
412 4260 502 4325 sulto
524 4266 634 4326 autem
650 4281 737 4325 nunc
757 4259 800 4326 ad
820 4282 918 4345 reges
939 4282 974 4326 se
991 4266 1115 4340 vertat,
1139 4259 1209 4325 noli
1225 4282 1349 4347 quaeso
1365 4260 1555 4346 neglegere.
1594 4261 1715 4348 optime

412 4364 497 4430 enirn
513 4364 566 4432 hio
588 4364 668 4430 ordo
690 4363 872 4450 respondet
893 4364 1061 4450 prooemio
1081 4363 1147 4450 ipsi
1167 4370 1201 4429 et
1223 4365 1377 4431 versibus
1399 4386 1482 4451 quos
1503 4363 1597 4431 modo
1615 4364 1715 4432 inter·

411 4470 537 4555 prelati
562 4492 685 4537 sumus.
722 4469 822 4535 etiam
846 4468 918 4534 illic
940 4491 1038 4554 reges
1057 4469 1181 4556 primos
1198 4469 1424 4536 adhortandos
1448 4492 1522 4536 esse
1539 4468 1714 4555 significat,

411 4579 482 4637 tum
517 4574 647 4641 demum
682 4574 832 4640 fratrem.
880 4572 910 4639 si
944 4597 1016 4639 oum
1048 4572 1274 4640 Kirchhoffio
1292 4574 1353 4641 hos
1387 4597 1506 4642 versus
1539 4574 1714 4642 secundum

413 4678 566 4743 ‘carmen'
590 4701 663 4744 esse
688 4679 790 4757 dicas,
822 4701 939 4744 versus
964 4679 1092 4743 11-48
1114 4678 1266 4764 primum,
1299 4702 1377 4745 vere
1401 4679 1518 4745 mirum
1543 4685 1606 4760 est,
1631 4677 1713 4767 quod

412 4780 581 4849 Hesiodus
605 4782 737 4848 inverso
762 4782 878 4849 ordine
901 4805 971 4849 rem
994 4788 1122 4849 tractat
1144 4805 1250 4870 neque
1274 4783 1343 4850 ullo
1368 4784 1468 4851 verbo
1493 4785 1581 4850 sicut
1603 4805 1713 4869 regum

413 4884 516 4956 otiam
538 4883 664 4952 Persae
697 4893 776 4953 ante
808 4887 914 4974 ipsam
947 4909 1017 4953 rem
1046 4894 1228 4955 tractatam
1262 4888 1462 4956 mentionem
1484 4888 1576 4956 facit
1620 4888 1713 4954 immo
