<?xml version="1.0" encoding="UTF-8"?>
<!DOCTYPE html PUBLIC "-//W3C//DTD XHTML 1.0 Transitional//EN"
    "http://www.w3.org/TR/xhtml1/DTD/xhtml1-transitional.dtd">
<html xmlns="http://www.w3.org/1999/xhtml" xml:lang="en" lang="en">
 <head>
  <title>
</title>
<meta http-equiv="Content-Type" content="text/html;charset=utf-8" />
  <meta name='ocr-system' content='tesseract 3.04.00' />
  <meta name='ocr-capabilities' content='ocr_page ocr_carea ocr_par ocr_line ocrx_word'/>
</head>
<body>
  <div class='ocr_page' id='page_1' title='image "./quaestioneshesi00liscgoog_0051.png"; bbox 0 0 3659 5509; ppageno 0'>
   <div class='ocr_carea' id='block_1_1' title="bbox 776 378 818 448">
    <p class='ocr_par' dir='ltr' id='par_1_1' title="bbox 776 378 818 448">
     <span class='ocr_line' id='line_1_1' title="bbox 776 378 818 448; baseline -0.071 0"><span class='ocrx_word' id='word_1_1' title='bbox 776 378 818 448; x_wconf 81' lang='lat'>39</span> 
     </span>
    </p>
   </div>
   <div class='ocr_carea' id='block_1_2' title="bbox 30 548 1449 1374">
    <p class='ocr_par' dir='ltr' id='par_1_2' title="bbox 30 548 1449 1374">
     <span class='ocr_line' id='line_1_2' title="bbox 123 548 1448 639; baseline 0.009 -29"><span class='ocrx_word' id='word_1_2' title='bbox 123 566 238 614; x_wconf 85' lang='lat' dir='ltr'>versa</span> <span class='ocrx_word' id='word_1_3' title='bbox 269 569 347 616; x_wconf 86' lang='lat' dir='ltr'>esse</span> <span class='ocrx_word' id='word_1_4' title='bbox 380 548 421 616; x_wconf 93' lang='lat' dir='ltr'>ab</span> <span class='ocrx_word' id='word_1_5' title='bbox 448 548 593 637; x_wconf 88' lang='lat' dir='ltr'>Operum</span> <span class='ocrx_word' id='word_1_6' title='bbox 626 550 888 638; x_wconf 88' lang='lat' dir='ltr'>‘interpolatore’</span> <span class='ocrx_word' id='word_1_7' title='bbox 920 555 1038 639; x_wconf 88' lang='lat' dir='ltr'>aperte</span> <span class='ocrx_word' id='word_1_8' title='bbox 1061 549 1289 636; x_wconf 81' lang='lat' dir='ltr'>Theogoniam</span> <span class='ocrx_word' id='word_1_9' title='bbox 1314 555 1448 622; x_wconf 85' lang='lat' dir='ltr'>imitato</span> 
     </span>
     <span class='ocr_line' id='line_1_3' title="bbox 125 652 1449 747; baseline 0.008 -31"><span class='ocrx_word' id='word_1_10' title='bbox 125 652 357 720; x_wconf 81' lang='lat' dir='ltr'><strong>contendant.</strong></span> <span class='ocrx_word' id='word_1_11' title='bbox 402 676 518 741; x_wconf 84' lang='lat' dir='ltr'><strong>nempe</strong></span> <span class='ocrx_word' id='word_1_12' title='bbox 541 654 681 722; x_wconf 80' lang='lat' dir='ltr'>Hesiodi</span> <span class='ocrx_word' id='word_1_13' title='bbox 705 678 779 723; x_wconf 90' lang='lat' dir='ltr'>esse</span> <span class='ocrx_word' id='word_1_14' title='bbox 803 654 949 743; x_wconf 90' lang='lat' dir='ltr'>Operum</span> <span class='ocrx_word' id='word_1_15' title='bbox 971 658 1200 723; x_wconf 77' lang='lat' dir='ltr'>narrationem</span> <span class='ocrx_word' id='word_1_16' title='bbox 1222 666 1358 744; x_wconf 87' lang='lat' dir='ltr'>negant,</span> <span class='ocrx_word' id='word_1_17' title='bbox 1382 683 1449 747; x_wconf 90' lang='lat' dir='ltr'>qua</span> 
     </span>
     <span class='ocr_line' id='line_1_4' title="bbox 125 752 1447 849; baseline 0.008 -29"><span class='ocrx_word' id='word_1_18' title='bbox 125 752 172 821; x_wconf 89' lang='lat' dir='ltr'>de</span> <span class='ocrx_word' id='word_1_19' title='bbox 197 778 239 823; x_wconf 91' lang='lat' dir='ltr'>re</span> <span class='ocrx_word' id='word_1_20' title='bbox 263 757 357 826; x_wconf 88' lang='lat' dir='ltr'>infra</span> <span class='ocrx_word' id='word_1_21' title='bbox 380 765 517 826; x_wconf 87' lang='lat' dir='ltr'>acturus</span> <span class='ocrx_word' id='word_1_22' title='bbox 546 783 634 842; x_wconf 90' lang='lat' dir='ltr'>sum,</span> <span class='ocrx_word' id='word_1_23' title='bbox 665 783 773 849; x_wconf 89' lang='lat' dir='ltr'>neque</span> <span class='ocrx_word' id='word_1_24' title='bbox 796 782 875 828; x_wconf 82' lang='lat' dir='ltr'>vero</span> <span class='ocrx_word' id='word_1_25' title='bbox 898 761 941 827; x_wconf 91' lang='lat' dir='ltr'>ab</span> <span class='ocrx_word' id='word_1_26' title='bbox 964 761 1112 828; x_wconf 85' lang='lat' dir='ltr'>Hesiodo</span> <span class='ocrx_word' id='word_1_27' title='bbox 1137 760 1349 848; x_wconf 90' lang='lat' dir='ltr'>Theogoniae</span> <span class='ocrx_word' id='word_1_28' title='bbox 1372 786 1447 831; x_wconf 87' lang='lat' dir='ltr'>nor·</span> 
     </span>
     <span class='ocr_line' id='line_1_5' title="bbox 123 862 1447 936; baseline 0.007 -11"><span class='ocrx_word' id='word_1_29' title='bbox 123 862 305 928; x_wconf 87' lang='lat' dir='ltr'>rationem</span> <span class='ocrx_word' id='word_1_30' title='bbox 347 885 386 929; x_wconf 92' lang='lat' dir='ltr'>re</span> <span class='ocrx_word' id='word_1_31' title='bbox 425 886 507 931; x_wconf 90' lang='lat' dir='ltr'>vera</span> <span class='ocrx_word' id='word_1_32' title='bbox 547 865 690 931; x_wconf 90' lang='lat' dir='ltr'>alienam</span> <span class='ocrx_word' id='word_1_33' title='bbox 731 888 804 933; x_wconf 91' lang='lat' dir='ltr'>esse</span> <span class='ocrx_word' id='word_1_34' title='bbox 846 866 1015 932; x_wconf 91' lang='lat' dir='ltr'>viderunt.</span> <span class='ocrx_word' id='word_1_35' title='bbox 1081 865 1179 932; x_wconf 89' lang='lat' dir='ltr'>facile</span> <span class='ocrx_word' id='word_1_36' title='bbox 1223 874 1334 934; x_wconf 90' lang='lat' dir='ltr'>autem</span> <span class='ocrx_word' id='word_1_37' title='bbox 1374 869 1447 936; x_wconf 89' lang='lat' dir='ltr'>fieri</span> 
     </span>
     <span class='ocr_line' id='line_1_6' title="bbox 124 967 1448 1060; baseline 0.007 -29"><span class='ocrx_word' id='word_1_38' title='bbox 124 967 261 1051; x_wconf 90' lang='lat' dir='ltr'>potuit,</span> <span class='ocrx_word' id='word_1_39' title='bbox 296 974 336 1034; x_wconf 91' lang='lat' dir='ltr'>ut</span> <span class='ocrx_word' id='word_1_40' title='bbox 368 968 513 1055; x_wconf 92' lang='lat' dir='ltr'>Operum</span> <span class='ocrx_word' id='word_1_41' title='bbox 544 970 751 1038; x_wconf 83' lang='lat' dir='ltr'>narrationis</span> <span class='ocrx_word' id='word_1_42' title='bbox 783 977 884 1058; x_wconf 90' lang='lat' dir='ltr'>poeta</span> <span class='ocrx_word' id='word_1_43' title='bbox 915 970 1111 1055; x_wconf 80' lang='lat' dir='ltr'>Theogonis</span> <span class='ocrx_word' id='word_1_44' title='bbox 1143 970 1211 1036; x_wconf 92' lang='lat' dir='ltr'>iam</span> <span class='ocrx_word' id='word_1_45' title='bbox 1242 972 1448 1060; x_wconf 88' lang='lat' dir='ltr'>interpolata</span> 
     </span>
     <span class='ocr_line' id='line_1_7' title="bbox 124 1073 1448 1162; baseline 0.005 -26"><span class='ocrx_word' id='word_1_46' title='bbox 124 1074 295 1139; x_wconf 87' lang='lat' dir='ltr'>uteretur</span> <span class='ocrx_word' id='word_1_47' title='bbox 322 1110 365 1122; x_wconf 92' lang='lat'>-</span> <span class='ocrx_word' id='word_1_48' title='bbox 395 1073 457 1140; x_wconf 91' lang='lat' dir='ltr'>hoo</span> <span class='ocrx_word' id='word_1_49' title='bbox 486 1075 638 1142; x_wconf 93' lang='lat' dir='ltr'>concedo.</span> <span class='ocrx_word' id='word_1_50' title='bbox 683 1098 759 1142; x_wconf 93' lang='lat' dir='ltr'>nam</span> <span class='ocrx_word' id='word_1_51' title='bbox 784 1074 1010 1160; x_wconf 77' lang='lat' dir='ltr'>Theogoniam</span> <span class='ocrx_word' id='word_1_52' title='bbox 1034 1074 1200 1162; x_wconf 86' lang='lat' dir='ltr'>Operibus</span> <span class='ocrx_word' id='word_1_53' title='bbox 1227 1077 1448 1144; x_wconf 91' lang='lat' dir='ltr'>vetustiorem</span> 
     </span>
     <span class='ocr_line' id='line_1_8' title="bbox 30 1167 1448 1267; baseline 0.006 -26"><span class='ocrx_word' id='word_1_54' title='bbox 30 1167 32 1214; x_wconf 67' lang='lat' dir='ltr'>t</span> <span class='ocrx_word' id='word_1_55' title='bbox 126 1196 213 1243; x_wconf 88' lang='lat' dir='ltr'>esse</span> <span class='ocrx_word' id='word_1_56' title='bbox 248 1199 291 1244; x_wconf 87' lang='lat' dir='ltr'>ex</span> <span class='ocrx_word' id='word_1_57' title='bbox 320 1176 464 1265; x_wconf 91' lang='lat' dir='ltr'>Operum</span> <span class='ocrx_word' id='word_1_58' title='bbox 498 1201 600 1246; x_wconf 82' lang='lat' dir='ltr'>versu</span> <span class='ocrx_word' id='word_1_59' title='bbox 633 1180 673 1246; x_wconf 90' lang='lat'>11</span> <span class='ocrx_word' id='word_1_60' title='bbox 709 1180 906 1247; x_wconf 78' lang='lat' dir='ltr'>concludere</span> <span class='ocrx_word' id='word_1_61' title='bbox 939 1180 1028 1247; x_wconf 91' lang='lat' dir='ltr'>licet.</span> <span class='ocrx_word' id='word_1_62' title='bbox 1084 1181 1186 1246; x_wconf 89' lang='lat' dir='ltr'>etiam</span> <span class='ocrx_word' id='word_1_63' title='bbox 1218 1179 1378 1267; x_wconf 89' lang='lat' dir='ltr'>Meyerus</span> <span class='ocrx_word' id='word_1_64' title='bbox 1412 1189 1448 1250; x_wconf 90' lang='lat' dir='ltr'>et</span> 
     </span>
     <span class='ocr_line' id='line_1_9' title="bbox 125 1278 1447 1374; baseline 0.007 -29"><span class='ocrx_word' id='word_1_65' title='bbox 125 1278 370 1349; x_wconf 85' lang='lat' dir='ltr'>Kirchhoffius</span> <span class='ocrx_word' id='word_1_66' title='bbox 403 1284 460 1371; x_wconf 92' lang='lat' dir='ltr'>qui</span> <span class='ocrx_word' id='word_1_67' title='bbox 497 1284 672 1351; x_wconf 91' lang='lat' dir='ltr'>novissimi</span> <span class='ocrx_word' id='word_1_68' title='bbox 710 1286 751 1352; x_wconf 91' lang='lat' dir='ltr'>de</span> <span class='ocrx_word' id='word_1_69' title='bbox 785 1285 848 1351; x_wconf 93' lang='lat' dir='ltr'>hac</span> <span class='ocrx_word' id='word_1_70' title='bbox 880 1284 973 1351; x_wconf 89' lang='lat' dir='ltr'>inter</span> <span class='ocrx_word' id='word_1_71' title='bbox 1006 1281 1235 1369; x_wconf 81' lang='lat' dir='ltr'>Theogoniam</span> <span class='ocrx_word' id='word_1_72' title='bbox 1269 1293 1304 1352; x_wconf 91' lang='lat' dir='ltr'>et</span> <span class='ocrx_word' id='word_1_73' title='bbox 1336 1286 1447 1374; x_wconf 85' lang='lat' dir='ltr'>Opera</span> 
     </span>
    </p>
   </div>
   <div class='ocr_carea' id='block_1_3' title="bbox 27 1386 1446 1478">
    <p class='ocr_par' dir='ltr' id='par_1_3' title="bbox 27 1386 1446 1478">
     <span class='ocr_line' id='line_1_10' title="bbox 27 1386 1446 1478; baseline 0.004 -26"><span class='ocrx_word' id='word_1_74' title='bbox 27 1391 28 1400; x_wconf 78' lang='grc'>’</span> <span class='ocrx_word' id='word_1_75' title='bbox 126 1386 273 1453; x_wconf 88' lang='lat' dir='ltr'>ratione</span> <span class='ocrx_word' id='word_1_76' title='bbox 311 1394 452 1473; x_wconf 88' lang='lat' dir='ltr'>egerunt</span> <span class='ocrx_word' id='word_1_77' title='bbox 492 1395 606 1457; x_wconf 89' lang='lat' dir='ltr'>notam</span> <span class='ocrx_word' id='word_1_78' title='bbox 642 1390 748 1457; x_wconf 85' lang='lat' dir='ltr'>luisse</span> <span class='ocrx_word' id='word_1_79' title='bbox 786 1389 1000 1475; x_wconf 89' lang='lat' dir='ltr'>Theogoniae</span> <span class='ocrx_word' id='word_1_80' title='bbox 1041 1388 1270 1455; x_wconf 84' lang='lat' dir='ltr'>narrationem</span> <span class='ocrx_word' id='word_1_81' title='bbox 1301 1390 1446 1478; x_wconf 90' lang='lat' dir='ltr'>Operum</span> 
     </span>
    </p>
   </div>
   <div class='ocr_carea' id='block_1_4' title="bbox 126 1489 1448 4928">
    <p class='ocr_par' dir='ltr' id='par_1_4' title="bbox 126 1489 1447 1792">
     <span class='ocr_line' id='line_1_11' title="bbox 128 1489 1447 1586; baseline 0.005 -31"><span class='ocrx_word' id='word_1_82' title='bbox 128 1489 399 1579; x_wconf 86' lang='lat' dir='ltr'>‘interpolatori’</span> <span class='ocrx_word' id='word_1_83' title='bbox 422 1493 668 1562; x_wconf 89' lang='lat' dir='ltr'>iudicaverunt.</span> <span class='ocrx_word' id='word_1_84' title='bbox 710 1517 774 1582; x_wconf 93' lang='lat' dir='ltr'>quo</span> <span class='ocrx_word' id='word_1_85' title='bbox 805 1498 917 1561; x_wconf 91' lang='lat' dir='ltr'>autem</span> <span class='ocrx_word' id='word_1_86' title='bbox 948 1493 1121 1560; x_wconf 87' lang='lat' dir='ltr'>moderes</span> <span class='ocrx_word' id='word_1_87' title='bbox 1149 1493 1349 1586; x_wconf 76' lang='lat' dir='ltr'>schabest,</span> <span class='ocrx_word' id='word_1_88' title='bbox 1380 1496 1447 1562; x_wconf 91' lang='lat' dir='ltr'>nisi</span> 
     </span>
     <span class='ocr_line' id='line_1_12' title="bbox 127 1592 1446 1685; baseline 0.005 -25"><span class='ocrx_word' id='word_1_89' title='bbox 127 1592 336 1681; x_wconf 80' lang='lat' dir='ltr'>Theogonis</span> <span class='ocrx_word' id='word_1_90' title='bbox 359 1607 394 1664; x_wconf 88' lang='lat' dir='ltr'>et</span> <span class='ocrx_word' id='word_1_91' title='bbox 409 1596 575 1685; x_wconf 86' lang='lat' dir='ltr'>Operibus</span> <span class='ocrx_word' id='word_1_92' title='bbox 599 1606 755 1667; x_wconf 87' lang='lat' dir='ltr'>accurate</span> <span class='ocrx_word' id='word_1_93' title='bbox 777 1598 868 1666; x_wconf 90' lang='lat' dir='ltr'>inter</span> <span class='ocrx_word' id='word_1_94' title='bbox 891 1621 927 1665; x_wconf 90' lang='lat' dir='ltr'>se</span> <span class='ocrx_word' id='word_1_95' title='bbox 950 1597 1155 1685; x_wconf 87' lang='lat' dir='ltr'>comparatis</span> <span class='ocrx_word' id='word_1_96' title='bbox 1174 1597 1358 1666; x_wconf 90' lang='lat' dir='ltr'>diiudicare</span> <span class='ocrx_word' id='word_1_97' title='bbox 1381 1623 1446 1666; x_wconf 91' lang='lat' dir='ltr'>non</span> 
     </span>
     <span class='ocr_line' id='line_1_13' title="bbox 126 1697 1096 1792; baseline 0.001 -26"><span class='ocrx_word' id='word_1_98' title='bbox 126 1697 229 1767; x_wconf 84' lang='lat' dir='ltr'>licet.</span> <span class='ocrx_word' id='word_1_99' title='bbox 274 1701 389 1790; x_wconf 86' lang='lat' dir='ltr'>itaque</span> <span class='ocrx_word' id='word_1_100' title='bbox 412 1702 456 1768; x_wconf 91' lang='lat' dir='ltr'>ad</span> <span class='ocrx_word' id='word_1_101' title='bbox 478 1704 562 1770; x_wconf 90' lang='lat' dir='ltr'>hanc</span> <span class='ocrx_word' id='word_1_102' title='bbox 585 1703 865 1792; x_wconf 87' lang='lat' dir='ltr'>comparationem</span> <span class='ocrx_word' id='word_1_103' title='bbox 890 1702 1096 1771; x_wconf 86' lang='lat' dir='ltr'>accedamus.</span> 
     </span>
    </p>

    <p class='ocr_par' dir='ltr' id='par_1_5' title="bbox 128 1804 1448 4928">
     <span class='ocr_line' id='line_1_14' title="bbox 226 1804 1446 1896; baseline 0.003 -26"><span class='ocrx_word' id='word_1_104' title='bbox 226 1804 268 1871; x_wconf 92' lang='lat' dir='ltr'>In</span> <span class='ocrx_word' id='word_1_105' title='bbox 299 1811 442 1894; x_wconf 88' lang='lat' dir='ltr'>utroque</span> <span class='ocrx_word' id='word_1_106' title='bbox 474 1809 618 1875; x_wconf 83' lang='lat' dir='ltr'>carmine</span> <span class='ocrx_word' id='word_1_107' title='bbox 649 1808 766 1876; x_wconf 87' lang='lat' dir='ltr'>fabula</span> <span class='ocrx_word' id='word_1_108' title='bbox 796 1809 924 1896; x_wconf 89' lang='lat' dir='ltr'>primae</span> <span class='ocrx_word' id='word_1_109' title='bbox 947 1807 1098 1873; x_wconf 88' lang='lat' dir='ltr'>mulieris</span> <span class='ocrx_word' id='word_1_110' title='bbox 1131 1830 1203 1873; x_wconf 89' lang='lat' dir='ltr'>cum</span> <span class='ocrx_word' id='word_1_111' title='bbox 1233 1808 1327 1873; x_wconf 88' lang='lat' dir='ltr'>furto</span> <span class='ocrx_word' id='word_1_112' title='bbox 1356 1808 1446 1894; x_wconf 85' lang='lat' dir='ltr'>ignis</span> 
     </span>
     <span class='ocr_line' id='line_1_15' title="bbox 130 1910 1446 1999; baseline 0.002 -25"><span class='ocrx_word' id='word_1_113' title='bbox 130 1915 215 1975; x_wconf 87' lang='lat' dir='ltr'>arte</span> <span class='ocrx_word' id='word_1_114' title='bbox 245 1911 423 1978; x_wconf 87' lang='lat' dir='ltr'>coniuncta</span> <span class='ocrx_word' id='word_1_115' title='bbox 453 1917 516 1979; x_wconf 91' lang='lat' dir='ltr'>est.</span> <span class='ocrx_word' id='word_1_116' title='bbox 562 1913 752 1981; x_wconf 87' lang='lat' dir='ltr'>Promethei</span> <span class='ocrx_word' id='word_1_117' title='bbox 775 1912 925 1979; x_wconf 86' lang='lat' dir='ltr'>fabulam</span> <span class='ocrx_word' id='word_1_118' title='bbox 949 1910 1095 1999; x_wconf 90' lang='lat' dir='ltr'>Operum</span> <span class='ocrx_word' id='word_1_119' title='bbox 1117 1917 1219 1999; x_wconf 88' lang='lat' dir='ltr'>poeta</span> <span class='ocrx_word' id='word_1_120' title='bbox 1240 1911 1446 1978; x_wconf 88' lang='lat' dir='ltr'>transeundo</span> 
     </span>
     <span class='ocr_line' id='line_1_16' title="bbox 128 2015 1448 2104; baseline 0.002 -24"><span class='ocrx_word' id='word_1_121' title='bbox 128 2017 272 2080; x_wconf 84' lang='lat' dir='ltr'>tantum</span> <span class='ocrx_word' id='word_1_122' title='bbox 295 2021 396 2104; x_wconf 90' lang='lat' dir='ltr'>atque</span> <span class='ocrx_word' id='word_1_123' title='bbox 420 2016 570 2084; x_wconf 80' lang='lat' dir='ltr'>breviter</span> <span class='ocrx_word' id='word_1_124' title='bbox 593 2024 842 2101; x_wconf 87' lang='lat' dir='ltr'>commemorat,</span> <span class='ocrx_word' id='word_1_125' title='bbox 874 2039 947 2084; x_wconf 89' lang='lat' dir='ltr'>cum</span> <span class='ocrx_word' id='word_1_126' title='bbox 975 2015 1075 2083; x_wconf 91' lang='lat' dir='ltr'>celeri</span> <span class='ocrx_word' id='word_1_127' title='bbox 1104 2038 1205 2082; x_wconf 89' lang='lat' dir='ltr'>cursu</span> <span class='ocrx_word' id='word_1_128' title='bbox 1233 2016 1276 2083; x_wconf 92' lang='lat' dir='ltr'>ad</span> <span class='ocrx_word' id='word_1_129' title='bbox 1298 2017 1448 2084; x_wconf 82' lang='lat' dir='ltr'>fabulam</span> 
     </span>
     <span class='ocr_line' id='line_1_17' title="bbox 130 2116 1447 2210; baseline 0.003 -27"><span class='ocrx_word' id='word_1_130' title='bbox 130 2116 267 2204; x_wconf 89' lang='lat' dir='ltr'>primae</span> <span class='ocrx_word' id='word_1_131' title='bbox 295 2119 447 2187; x_wconf 90' lang='lat' dir='ltr'>mulieris</span> <span class='ocrx_word' id='word_1_132' title='bbox 476 2122 653 2208; x_wconf 89' lang='lat' dir='ltr'>pervenire</span> <span class='ocrx_word' id='word_1_133' title='bbox 681 2123 806 2210; x_wconf 89' lang='lat' dir='ltr'>cupiat.</span> <span class='ocrx_word' id='word_1_134' title='bbox 858 2120 1050 2187; x_wconf 90' lang='lat' dir='ltr'>Promethei</span> <span class='ocrx_word' id='word_1_135' title='bbox 1079 2120 1196 2187; x_wconf 90' lang='lat' dir='ltr'>fabula</span> <span class='ocrx_word' id='word_1_136' title='bbox 1223 2120 1258 2186; x_wconf 94' lang='lat' dir='ltr'>in</span> <span class='ocrx_word' id='word_1_137' title='bbox 1282 2119 1447 2207; x_wconf 89' lang='lat' dir='ltr'>Operibus</span> 
     </span>
     <span class='ocr_line' id='line_1_18' title="bbox 132 2221 1447 2313; baseline 0.003 -25"><span class='ocrx_word' id='word_1_138' title='bbox 132 2221 185 2289; x_wconf 88' lang='lat' dir='ltr'>sic</span> <span class='ocrx_word' id='word_1_139' title='bbox 208 2231 380 2308; x_wconf 81' lang='lat' dir='ltr'>narratur,</span> <span class='ocrx_word' id='word_1_140' title='bbox 411 2231 450 2291; x_wconf 90' lang='lat' dir='ltr'>ut</span> <span class='ocrx_word' id='word_1_141' title='bbox 478 2233 612 2313; x_wconf 90' lang='lat' dir='ltr'>poetam</span> <span class='ocrx_word' id='word_1_142' title='bbox 636 2227 850 2312; x_wconf 85' lang='lat' dir='ltr'>Theogoniae</span> <span class='ocrx_word' id='word_1_143' title='bbox 873 2226 1070 2294; x_wconf 86' lang='lat' dir='ltr'>narratione</span> <span class='ocrx_word' id='word_1_144' title='bbox 1093 2247 1188 2292; x_wconf 91' lang='lat' dir='ltr'>usum</span> <span class='ocrx_word' id='word_1_145' title='bbox 1213 2246 1287 2292; x_wconf 89' lang='lat' dir='ltr'>esse</span> <span class='ocrx_word' id='word_1_146' title='bbox 1311 2224 1447 2292; x_wconf 86' lang='lat' dir='ltr'>difficile</span> 
     </span>
     <span class='ocr_line' id='line_1_19' title="bbox 132 2327 1446 2419; baseline 0.004 -27"><span class='ocrx_word' id='word_1_147' title='bbox 132 2327 183 2393; x_wconf 87' lang='lat' dir='ltr'>sit</span> <span class='ocrx_word' id='word_1_148' title='bbox 205 2349 341 2414; x_wconf 84' lang='lat' dir='ltr'>negare.</span> <span class='ocrx_word' id='word_1_149' title='bbox 386 2329 545 2398; x_wconf 87' lang='lat' dir='ltr'>videlicet</span> <span class='ocrx_word' id='word_1_150' title='bbox 567 2332 655 2419; x_wconf 90' lang='lat' dir='ltr'>qnod</span> <span class='ocrx_word' id='word_1_151' title='bbox 678 2338 819 2418; x_wconf 91' lang='lat' dir='ltr'>uterque</span> <span class='ocrx_word' id='word_1_152' title='bbox 842 2336 944 2419; x_wconf 90' lang='lat' dir='ltr'>poeta</span> <span class='ocrx_word' id='word_1_153' title='bbox 964 2329 1200 2397; x_wconf 88' lang='lat' dir='ltr'>Prometheum</span> <span class='ocrx_word' id='word_1_154' title='bbox 1223 2330 1334 2416; x_wconf 89' lang='lat' dir='ltr'>ignem</span> <span class='ocrx_word' id='word_1_155' title='bbox 1356 2331 1446 2397; x_wconf 84' lang='lat' dir='ltr'>fura·</span> 
     </span>
     <span class='ocr_line' id='line_1_20' title="bbox 134 2433 1445 2523; baseline 0.003 -26"><span class='ocrx_word' id='word_1_156' title='bbox 134 2437 210 2497; x_wconf 87' lang='lat' dir='ltr'>tum</span> <span class='ocrx_word' id='word_1_157' title='bbox 234 2454 309 2500; x_wconf 91' lang='lat' dir='ltr'>esse</span> <span class='ocrx_word' id='word_1_158' title='bbox 332 2433 416 2502; x_wconf 89' lang='lat' dir='ltr'>dicit</span> <span class='ocrx_word' id='word_1_159' title='bbox 434 2434 471 2500; x_wconf 79' lang='grc' dir='ltr'>ἐν</span> <span class='ocrx_word' id='word_1_160' title='bbox 488 2439 590 2523; x_wconf 77' lang='grc' dir='ltr'><strong><em>κοίλῳ</em></strong></span> <span class='ocrx_word' id='word_1_161' title='bbox 610 2437 755 2522; x_wconf 75' lang='grc' dir='ltr'><em>νάρθηκι</em></span> <span class='ocrx_word' id='word_1_162' title='bbox 771 2436 911 2523; x_wconf 87' lang='lat' dir='ltr'>(Theog.</span> <span class='ocrx_word' id='word_1_163' title='bbox 924 2436 999 2516; x_wconf 80' lang='lat'>567,</span> <span class='ocrx_word' id='word_1_164' title='bbox 1016 2433 1077 2521; x_wconf 90' lang='lat' dir='ltr'>Op.</span> <span class='ocrx_word' id='word_1_165' title='bbox 1090 2433 1145 2520; x_wconf 75' lang='lat'>52)</span> <span class='ocrx_word' id='word_1_166' title='bbox 1161 2456 1225 2500; x_wconf 92' lang='lat' dir='ltr'>non</span> <span class='ocrx_word' id='word_1_167' title='bbox 1242 2434 1445 2501; x_wconf 89' lang='lat' dir='ltr'>mirabimur.</span> 
     </span>
     <span class='ocr_line' id='line_1_21' title="bbox 133 2535 1447 2627; baseline 0.002 -25"><span class='ocrx_word' id='word_1_168' title='bbox 133 2535 249 2603; x_wconf 79' lang='lat' dir='ltr'>ferula</span> <span class='ocrx_word' id='word_1_169' title='bbox 272 2538 359 2604; x_wconf 92' lang='lat' dir='ltr'>enim</span> <span class='ocrx_word' id='word_1_170' title='bbox 381 2538 517 2624; x_wconf 84' lang='lat' dir='ltr'>integra</span> <span class='ocrx_word' id='word_1_171' title='bbox 539 2539 674 2607; x_wconf 84' lang='lat' dir='ltr'>fabulae</span> <span class='ocrx_word' id='word_1_172' title='bbox 696 2563 776 2627; x_wconf 89' lang='lat' dir='ltr'>pars</span> <span class='ocrx_word' id='word_1_173' title='bbox 799 2541 937 2607; x_wconf 90' lang='lat' dir='ltr'>videtur</span> <span class='ocrx_word' id='word_1_174' title='bbox 959 2539 1075 2605; x_wconf 79' lang='lat' dir='ltr'>irrisae.</span> <span class='ocrx_word' id='word_1_175' title='bbox 1113 2537 1212 2605; x_wconf 90' lang='lat' dir='ltr'>valde</span> <span class='ocrx_word' id='word_1_176' title='bbox 1235 2545 1348 2605; x_wconf 90' lang='lat' dir='ltr'>antem</span> <span class='ocrx_word' id='word_1_177' title='bbox 1371 2560 1447 2605; x_wconf 89' lang='lat' dir='ltr'>nar·</span> 
     </span>
     <span class='ocr_line' id='line_1_22' title="bbox 133 2640 1446 2732; baseline -0.001 -24"><span class='ocrx_word' id='word_1_178' title='bbox 133 2640 235 2709; x_wconf 89' lang='lat' dir='ltr'>randi</span> <span class='ocrx_word' id='word_1_179' title='bbox 260 2642 434 2726; x_wconf 88' lang='lat' dir='ltr'>rationem,</span> <span class='ocrx_word' id='word_1_180' title='bbox 451 2665 517 2731; x_wconf 88' lang='lat' dir='ltr'>qua</span> <span class='ocrx_word' id='word_1_181' title='bbox 532 2643 677 2732; x_wconf 90' lang='lat' dir='ltr'>Operum</span> <span class='ocrx_word' id='word_1_182' title='bbox 692 2651 791 2732; x_wconf 86' lang='lat' dir='ltr'>poeta</span> <span class='ocrx_word' id='word_1_183' title='bbox 806 2667 889 2712; x_wconf 88' lang='lat' dir='ltr'>usus</span> <span class='ocrx_word' id='word_1_184' title='bbox 905 2649 968 2724; x_wconf 88' lang='lat' dir='ltr'>est,</span> <span class='ocrx_word' id='word_1_185' title='bbox 993 2644 1036 2710; x_wconf 93' lang='lat' dir='ltr'>ad</span> <span class='ocrx_word' id='word_1_186' title='bbox 1053 2643 1267 2730; x_wconf 87' lang='lat' dir='ltr'>Theogoniae</span> <span class='ocrx_word' id='word_1_187' title='bbox 1282 2643 1446 2709; x_wconf 88' lang='lat' dir='ltr'>rationem</span> 
     </span>
     <span class='ocr_line' id='line_1_23' title="bbox 131 2747 1445 2835; baseline 0 -21"><span class='ocrx_word' id='word_1_188' title='bbox 131 2747 417 2814; x_wconf 87' lang='lat' dir='ltr'>accommodatam</span> <span class='ocrx_word' id='word_1_189' title='bbox 451 2771 525 2815; x_wconf 91' lang='lat' dir='ltr'>esse</span> <span class='ocrx_word' id='word_1_190' title='bbox 560 2749 696 2816; x_wconf 89' lang='lat' dir='ltr'>maioris</span> <span class='ocrx_word' id='word_1_191' title='bbox 730 2750 887 2817; x_wconf 90' lang='lat' dir='ltr'>momenti</span> <span class='ocrx_word' id='word_1_192' title='bbox 921 2754 983 2815; x_wconf 89' lang='lat' dir='ltr'>est.</span> <span class='ocrx_word' id='word_1_193' title='bbox 1038 2748 1194 2835; x_wconf 90' lang='lat' dir='ltr'>Iuppiter</span> <span class='ocrx_word' id='word_1_194' title='bbox 1222 2749 1263 2831; x_wconf 82' lang='lat' dir='ltr'>in</span> <span class='ocrx_word' id='word_1_195' title='bbox 1302 2755 1445 2835; x_wconf 89' lang='lat' dir='ltr'>utroque</span> 
     </span>
     <span class='ocr_line' id='line_1_24' title="bbox 132 2850 1446 2943; baseline 0 -25"><span class='ocrx_word' id='word_1_196' title='bbox 132 2851 284 2918; x_wconf 89' lang='lat' dir='ltr'>carmine</span> <span class='ocrx_word' id='word_1_197' title='bbox 299 2850 534 2920; x_wconf 89' lang='lat' dir='ltr'>Prometheum</span> <span class='ocrx_word' id='word_1_198' title='bbox 550 2854 758 2943; x_wconf 88' lang='lat' dir='ltr'>adloquitur:</span> <span class='ocrx_word' id='word_1_199' title='bbox 776 2854 825 2921; x_wconf 91' lang='lat' dir='ltr'>sic</span> <span class='ocrx_word' id='word_1_200' title='bbox 845 2857 957 2921; x_wconf 88' lang='lat' dir='ltr'>autem</span> <span class='ocrx_word' id='word_1_201' title='bbox 974 2853 1007 2918; x_wconf 91' lang='lat' dir='ltr'>in</span> <span class='ocrx_word' id='word_1_202' title='bbox 1025 2852 1301 2919; x_wconf 87' lang='lat' dir='ltr'>antecedentibus</span> <span class='ocrx_word' id='word_1_203' title='bbox 1316 2873 1446 2939; x_wconf 90' lang='lat' dir='ltr'>quoque</span> 
     </span>
     <span class='ocr_line' id='line_1_25' title="bbox 133 2956 1445 3044; baseline 0 -21"><span class='ocrx_word' id='word_1_204' title='bbox 133 2956 353 3041; x_wconf 84' lang='lat' dir='ltr'>Theogoniae</span> <span class='ocrx_word' id='word_1_205' title='bbox 377 2959 532 3025; x_wconf 90' lang='lat' dir='ltr'>versibus</span> <span class='ocrx_word' id='word_1_206' title='bbox 549 2958 718 3026; x_wconf 87' lang='lat' dir='ltr'>Hesiodus</span> <span class='ocrx_word' id='word_1_207' title='bbox 741 2959 970 3025; x_wconf 88' lang='lat' dir='ltr'>narrationem</span> <span class='ocrx_word' id='word_1_208' title='bbox 994 2957 1156 3038; x_wconf 90' lang='lat' dir='ltr'>instituit,</span> <span class='ocrx_word' id='word_1_209' title='bbox 1180 2978 1287 3044; x_wconf 91' lang='lat' dir='ltr'>neque</span> <span class='ocrx_word' id='word_1_210' title='bbox 1311 2956 1445 3023; x_wconf 90' lang='lat' dir='ltr'>dubium</span> 
     </span>
     <span class='ocr_line' id='line_1_26' title="bbox 132 3060 1444 3150; baseline -0.001 -21"><span class='ocrx_word' id='word_1_211' title='bbox 132 3067 191 3129; x_wconf 88' lang='lat' dir='ltr'>est</span> <span class='ocrx_word' id='word_1_212' title='bbox 214 3061 294 3150; x_wconf 93' lang='lat' dir='ltr'>quin</span> <span class='ocrx_word' id='word_1_213' title='bbox 317 3061 461 3149; x_wconf 87' lang='lat' dir='ltr'>Operum</span> <span class='ocrx_word' id='word_1_214' title='bbox 490 3069 589 3150; x_wconf 85' lang='lat' dir='ltr'>poeta</span> <span class='ocrx_word' id='word_1_215' title='bbox 618 3086 693 3130; x_wconf 93' lang='lat' dir='ltr'>eum</span> <span class='ocrx_word' id='word_1_216' title='bbox 722 3063 783 3130; x_wconf 91' lang='lat' dir='ltr'>hac</span> <span class='ocrx_word' id='word_1_217' title='bbox 811 3063 846 3128; x_wconf 92' lang='lat' dir='ltr'>in</span> <span class='ocrx_word' id='word_1_218' title='bbox 875 3084 913 3129; x_wconf 90' lang='lat' dir='ltr'>re</span> <span class='ocrx_word' id='word_1_219' title='bbox 943 3062 990 3128; x_wconf 91' lang='lat' dir='ltr'>sit</span> <span class='ocrx_word' id='word_1_220' title='bbox 1012 3062 1178 3128; x_wconf 89' lang='lat' dir='ltr'>imitatus.</span> <span class='ocrx_word' id='word_1_221' title='bbox 1224 3060 1444 3128; x_wconf 87' lang='lat' dir='ltr'>Prometheus</span> 
     </span>
     <span class='ocr_line' id='line_1_27' title="bbox 133 3163 1443 3255; baseline 0.001 -23"><span class='ocrx_word' id='word_1_222' title='bbox 133 3166 172 3232; x_wconf 91' lang='lat' dir='ltr'>in</span> <span class='ocrx_word' id='word_1_223' title='bbox 195 3173 338 3255; x_wconf 91' lang='lat' dir='ltr'>utroque</span> <span class='ocrx_word' id='word_1_224' title='bbox 361 3167 506 3234; x_wconf 90' lang='lat' dir='ltr'>carmine</span> <span class='ocrx_word' id='word_1_225' title='bbox 530 3168 653 3234; x_wconf 91' lang='lat' dir='ltr'>dicitur</span> <span class='ocrx_word' id='word_1_226' title='bbox 677 3168 732 3245; x_wconf 78' lang='grc' dir='ltr'>ἐὺς</span> <span class='ocrx_word' id='word_1_227' title='bbox 755 3168 832 3245; x_wconf 75' lang='grc' dir='ltr'><strong><em>πάις</em></strong></span> <span class='ocrx_word' id='word_1_228' title='bbox 851 3167 1009 3233; x_wconf 79' lang='grc' dir='ltr'><strong><em>Ἰαπετοῖο</em></strong></span> <span class='ocrx_word' id='word_1_229' title='bbox 1032 3163 1172 3250; x_wconf 89' lang='lat' dir='ltr'>(Theog.</span> <span class='ocrx_word' id='word_1_230' title='bbox 1195 3165 1269 3246; x_wconf 76' lang='lat'>565,</span> <span class='ocrx_word' id='word_1_231' title='bbox 1294 3164 1356 3252; x_wconf 86' lang='lat' dir='ltr'>Op.</span> <span class='ocrx_word' id='word_1_232' title='bbox 1378 3166 1443 3253; x_wconf 83' lang='lat'>50).</span> 
     </span>
     <span class='ocr_line' id='line_1_28' title="bbox 134 3269 1445 3359; baseline -0.001 -21"><span class='ocrx_word' id='word_1_233' title='bbox 134 3270 159 3338; x_wconf 85' lang='lat' dir='ltr'><strong>J</strong></span> <span class='ocrx_word' id='word_1_234' title='bbox 162 3271 239 3337; x_wconf 89' lang='lat' dir='ltr'>ovis</span> <span class='ocrx_word' id='word_1_235' title='bbox 261 3271 370 3337; x_wconf 89' lang='lat' dir='ltr'>oratio</span> <span class='ocrx_word' id='word_1_236' title='bbox 400 3271 434 3337; x_wconf 93' lang='lat' dir='ltr'>in</span> <span class='ocrx_word' id='word_1_237' title='bbox 464 3278 606 3359; x_wconf 90' lang='lat' dir='ltr'>utroque</span> <span class='ocrx_word' id='word_1_238' title='bbox 631 3272 777 3340; x_wconf 89' lang='lat' dir='ltr'>carmine</span> <span class='ocrx_word' id='word_1_239' title='bbox 800 3271 899 3338; x_wconf 92' lang='lat' dir='ltr'>valde</span> <span class='ocrx_word' id='word_1_240' title='bbox 922 3270 1025 3337; x_wconf 90' lang='lat' dir='ltr'>simili</span> <span class='ocrx_word' id='word_1_241' title='bbox 1049 3292 1149 3337; x_wconf 83' lang='lat' dir='ltr'>versu</span> <span class='ocrx_word' id='word_1_242' title='bbox 1172 3269 1350 3355; x_wconf 89' lang='lat' dir='ltr'>incipitur:</span> <span class='ocrx_word' id='word_1_243' title='bbox 1385 3275 1445 3338; x_wconf 78' lang='grc' dir='ltr'>τὸν</span> 
     </span>
     <span class='ocr_line' id='line_1_29' title="bbox 138 3373 1445 3462; baseline -0.001 -21"><span class='ocrx_word' id='word_1_244' title='bbox 138 3373 176 3441; x_wconf 76' lang='lat' dir='ltr'>dh</span> <span class='ocrx_word' id='word_1_245' title='bbox 206 3374 278 3460; x_wconf 77' lang='grc' dir='ltr'>μέγ’</span> <span class='ocrx_word' id='word_1_246' title='bbox 302 3376 450 3460; x_wconf 74' lang='grc' dir='ltr'><strong><em>ὀχθήσας</em></strong></span> <span class='ocrx_word' id='word_1_247' title='bbox 481 3376 633 3461; x_wconf 78' lang='grc' dir='ltr'><strong><em>προσέφη</em></strong></span> <span class='ocrx_word' id='word_1_248' title='bbox 664 3375 905 3461; x_wconf 74' lang='grc' dir='ltr'>νεφεληγερέτα</span> <span class='ocrx_word' id='word_1_249' title='bbox 940 3376 1025 3451; x_wconf 84' lang='grc' dir='ltr'><strong><em>Ζεύς</em></strong></span> <span class='ocrx_word' id='word_1_250' title='bbox 1056 3373 1196 3460; x_wconf 90' lang='lat' dir='ltr'>(Theog.</span> <span class='ocrx_word' id='word_1_251' title='bbox 1220 3375 1312 3454; x_wconf 80' lang='lat'>558),</span> <span class='ocrx_word' id='word_1_252' title='bbox 1348 3397 1445 3462; x_wconf 88' lang='lat' dir='ltr'>quem</span> 
     </span>
     <span class='ocr_line' id='line_1_30' title="bbox 137 3477 1445 3568; baseline -0.001 -21"><span class='ocrx_word' id='word_1_253' title='bbox 137 3501 274 3547; x_wconf 86' lang='lat' dir='ltr'>versum</span> <span class='ocrx_word' id='word_1_254' title='bbox 297 3478 442 3567; x_wconf 89' lang='lat' dir='ltr'>Operum</span> <span class='ocrx_word' id='word_1_255' title='bbox 473 3485 574 3568; x_wconf 91' lang='lat' dir='ltr'>poeta</span> <span class='ocrx_word' id='word_1_256' title='bbox 606 3481 655 3548; x_wconf 88' lang='lat' dir='ltr'>sic</span> <span class='ocrx_word' id='word_1_257' title='bbox 686 3481 855 3547; x_wconf 89' lang='lat' dir='ltr'>imitatur:</span> <span class='ocrx_word' id='word_1_258' title='bbox 891 3482 950 3545; x_wconf 83' lang='grc' dir='ltr'>τὸν</span> <span class='ocrx_word' id='word_1_259' title='bbox 973 3477 1010 3544; x_wconf 77' lang='lat' dir='ltr'>di</span> <span class='ocrx_word' id='word_1_260' title='bbox 1037 3479 1270 3563; x_wconf 74' lang='grc' dir='ltr'><strong><em>χολωσάμενος</em></strong></span> <span class='ocrx_word' id='word_1_261' title='bbox 1292 3479 1445 3564; x_wconf 78' lang='grc' dir='ltr'><strong><em>προσέφη</em></strong></span> 
     </span>
     <span class='ocr_line' id='line_1_31' title="bbox 137 3583 1445 3673; baseline -0.001 -22"><span class='ocrx_word' id='word_1_262' title='bbox 137 3584 379 3669; x_wconf 77' lang='grc' dir='ltr'><strong><em>νεφεληγερέτα</em></strong></span> <span class='ocrx_word' id='word_1_263' title='bbox 396 3586 481 3663; x_wconf 81' lang='grc' dir='ltr'><strong><em>Ζεύς</em></strong></span> <span class='ocrx_word' id='word_1_264' title='bbox 497 3585 571 3673; x_wconf 88' lang='lat' dir='ltr'>(Op.</span> <span class='ocrx_word' id='word_1_265' title='bbox 583 3585 648 3670; x_wconf 80' lang='lat'><strong>53).</strong></span> <span class='ocrx_word' id='word_1_266' title='bbox 680 3584 825 3672; x_wconf 90' lang='lat' dir='ltr'>Operum</span> <span class='ocrx_word' id='word_1_267' title='bbox 841 3591 973 3673; x_wconf 88' lang='lat' dir='ltr'>poetam</span> <span class='ocrx_word' id='word_1_268' title='bbox 990 3583 1052 3649; x_wconf 91' lang='lat' dir='ltr'>hac</span> <span class='ocrx_word' id='word_1_269' title='bbox 1074 3584 1107 3648; x_wconf 90' lang='lat' dir='ltr'>in</span> <span class='ocrx_word' id='word_1_270' title='bbox 1124 3591 1222 3670; x_wconf 90' lang='lat' dir='ltr'>parte</span> <span class='ocrx_word' id='word_1_271' title='bbox 1238 3584 1445 3650; x_wconf 84' lang='lat' dir='ltr'>narrationis</span> 
     </span>
     <span class='ocr_line' id='line_1_32' title="bbox 136 3687 1444 3773; baseline 0 -17"><span class='ocrx_word' id='word_1_272' title='bbox 136 3689 323 3756; x_wconf 89' lang='lat' dir='ltr'>Hesiodum</span> <span class='ocrx_word' id='word_1_273' title='bbox 346 3688 512 3757; x_wconf 89' lang='lat' dir='ltr'>imitatum</span> <span class='ocrx_word' id='word_1_274' title='bbox 536 3712 610 3757; x_wconf 89' lang='lat' dir='ltr'>esse</span> <span class='ocrx_word' id='word_1_275' title='bbox 632 3690 705 3757; x_wconf 89' lang='lat' dir='ltr'>veri</span> <span class='ocrx_word' id='word_1_276' title='bbox 728 3698 782 3756; x_wconf 89' lang='lat' dir='ltr'>est</span> <span class='ocrx_word' id='word_1_277' title='bbox 810 3689 1015 3757; x_wconf 91' lang='lat' dir='ltr'>simillimum</span> <span class='ocrx_word' id='word_1_278' title='bbox 1038 3725 1080 3735; x_wconf 95' lang='lat'>-</span> <span class='ocrx_word' id='word_1_279' title='bbox 1103 3687 1171 3752; x_wconf 88' lang='lat' dir='ltr'>nisi</span> <span class='ocrx_word' id='word_1_280' title='bbox 1193 3692 1348 3773; x_wconf 87' lang='lat' dir='ltr'>apertum</span> <span class='ocrx_word' id='word_1_281' title='bbox 1371 3710 1444 3755; x_wconf 89' lang='lat' dir='ltr'>esse</span> 
     </span>
     <span class='ocr_line' id='line_1_33' title="bbox 136 3791 1445 3880; baseline -0.002 -19"><span class='ocrx_word' id='word_1_282' title='bbox 136 3795 239 3861; x_wconf 84' lang='lat' dir='ltr'>dicas.</span> <span class='ocrx_word' id='word_1_283' title='bbox 284 3793 358 3880; x_wconf 90' lang='lat' dir='ltr'>ipse</span> <span class='ocrx_word' id='word_1_284' title='bbox 380 3794 550 3862; x_wconf 91' lang='lat' dir='ltr'>Hesiodus</span> <span class='ocrx_word' id='word_1_285' title='bbox 583 3796 709 3862; x_wconf 83' lang='lat' dir='ltr'>furtum</span> <span class='ocrx_word' id='word_1_286' title='bbox 743 3794 831 3879; x_wconf 83' lang='lat' dir='ltr'>ignis</span> <span class='ocrx_word' id='word_1_287' title='bbox 864 3794 898 3859; x_wconf 90' lang='lat' dir='ltr'>iu</span> <span class='ocrx_word' id='word_1_288' title='bbox 929 3791 1124 3876; x_wconf 83' lang='lat' dir='ltr'>Theogonis</span> <span class='ocrx_word' id='word_1_289' title='bbox 1153 3791 1324 3874; x_wconf 89' lang='lat' dir='ltr'>narravit,</span> <span class='ocrx_word' id='word_1_290' title='bbox 1359 3815 1445 3879; x_wconf 90' lang='lat' dir='ltr'>quae</span> 
     </span>
     <span class='ocr_line' id='line_1_34' title="bbox 134 3894 1444 3987; baseline -0.003 -19"><span class='ocrx_word' id='word_1_291' title='bbox 134 3897 306 3968; x_wconf 85' lang='lat' dir='ltr'>vetustius</span> <span class='ocrx_word' id='word_1_292' title='bbox 329 3921 461 3967; x_wconf 91' lang='lat' dir='ltr'>carmen</span> <span class='ocrx_word' id='word_1_293' title='bbox 486 3906 549 3966; x_wconf 89' lang='lat' dir='ltr'>est.</span> <span class='ocrx_word' id='word_1_294' title='bbox 594 3900 780 3987; x_wconf 87' lang='lat' dir='ltr'>quicunque</span> <span class='ocrx_word' id='word_1_295' title='bbox 804 3897 950 3985; x_wconf 91' lang='lat' dir='ltr'>Operum</span> <span class='ocrx_word' id='word_1_296' title='bbox 984 3894 1214 3962; x_wconf 88' lang='lat' dir='ltr'>narrationem</span> <span class='ocrx_word' id='word_1_297' title='bbox 1246 3896 1378 3964; x_wconf 89' lang='lat' dir='ltr'>invenit</span> <span class='ocrx_word' id='word_1_298' title='bbox 1401 3934 1444 3946; x_wconf 92' lang='lat'>-</span> 
     </span>
     <span class='ocr_line' id='line_1_35' title="bbox 134 4000 1442 4093; baseline -0.006 -20"><span class='ocrx_word' id='word_1_299' title='bbox 134 4006 209 4073; x_wconf 84' lang='lat' dir='ltr'>sive</span> <span class='ocrx_word' id='word_1_300' title='bbox 232 4001 416 4084; x_wconf 87' lang='lat' dir='ltr'>Hesiodus,</span> <span class='ocrx_word' id='word_1_301' title='bbox 449 4004 484 4069; x_wconf 92' lang='lat' dir='ltr'>id</span> <span class='ocrx_word' id='word_1_302' title='bbox 506 4004 593 4093; x_wconf 89' lang='lat' dir='ltr'>quod</span> <span class='ocrx_word' id='word_1_303' title='bbox 617 4026 779 4070; x_wconf 89' lang='lat' dir='ltr'>consensu</span> <span class='ocrx_word' id='word_1_304' title='bbox 802 4001 946 4069; x_wconf 91' lang='lat' dir='ltr'>omnium</span> <span class='ocrx_word' id='word_1_305' title='bbox 976 4023 1042 4067; x_wconf 91' lang='lat' dir='ltr'>non</span> <span class='ocrx_word' id='word_1_306' title='bbox 1072 4000 1181 4068; x_wconf 88' lang='lat' dir='ltr'>solum</span> <span class='ocrx_word' id='word_1_307' title='bbox 1212 4000 1442 4084; x_wconf 89' lang='lat' dir='ltr'>addubitatur,</span> 
     </span>
     <span class='ocr_line' id='line_1_36' title="bbox 133 4104 1443 4194; baseline -0.006 -16"><span class='ocrx_word' id='word_1_308' title='bbox 133 4106 320 4178; x_wconf 86' lang='lat' dir='ltr'>sedetiam</span> <span class='ocrx_word' id='word_1_309' title='bbox 342 4113 497 4194; x_wconf 90' lang='lat' dir='ltr'>negatur,</span> <span class='ocrx_word' id='word_1_310' title='bbox 523 4108 594 4175; x_wconf 86' lang='lat' dir='ltr'>sive</span> <span class='ocrx_word' id='word_1_311' title='bbox 617 4107 842 4194; x_wconf 89' lang='lat' dir='ltr'>interpolator</span> <span class='ocrx_word' id='word_1_312' title='bbox 865 4106 989 4194; x_wconf 89' lang='lat' dir='ltr'>aliquis</span> <span class='ocrx_word' id='word_1_313' title='bbox 1014 4143 1053 4153; x_wconf 92' lang='lat'>—</span> <span class='ocrx_word' id='word_1_314' title='bbox 1077 4104 1270 4172; x_wconf 88' lang='lat' dir='ltr'>Promethei</span> <span class='ocrx_word' id='word_1_315' title='bbox 1293 4105 1443 4172; x_wconf 82' lang='lat' dir='ltr'>fabulam</span> 
     </span>
     <span class='ocr_line' id='line_1_37' title="bbox 134 4209 1443 4302; baseline -0.003 -23"><span class='ocrx_word' id='word_1_316' title='bbox 134 4235 222 4302; x_wconf 90' lang='lat' dir='ltr'>quae</span> <span class='ocrx_word' id='word_1_317' title='bbox 245 4214 279 4278; x_wconf 95' lang='lat' dir='ltr'>in</span> <span class='ocrx_word' id='word_1_318' title='bbox 296 4210 490 4298; x_wconf 80' lang='lat' dir='ltr'>Theogonis</span> <span class='ocrx_word' id='word_1_319' title='bbox 507 4218 620 4279; x_wconf 81' lang='lat' dir='ltr'>exstat</span> <span class='ocrx_word' id='word_1_320' title='bbox 642 4217 732 4280; x_wconf 90' lang='lat' dir='ltr'>certe</span> <span class='ocrx_word' id='word_1_321' title='bbox 751 4212 847 4278; x_wconf 92' lang='lat' dir='ltr'>novit</span> <span class='ocrx_word' id='word_1_322' title='bbox 866 4219 968 4297; x_wconf 88' lang='lat' dir='ltr'>atque</span> <span class='ocrx_word' id='word_1_323' title='bbox 988 4210 1021 4275; x_wconf 92' lang='lat' dir='ltr'>in</span> <span class='ocrx_word' id='word_1_324' title='bbox 1040 4232 1135 4275; x_wconf 91' lang='lat' dir='ltr'>suum</span> <span class='ocrx_word' id='word_1_325' title='bbox 1153 4231 1250 4274; x_wconf 89' lang='lat' dir='ltr'>nsum</span> <span class='ocrx_word' id='word_1_326' title='bbox 1265 4209 1443 4276; x_wconf 84' lang='lat' dir='ltr'>convertit</span> 
     </span>
     <span class='ocr_line' id='line_1_38' title="bbox 133 4313 1443 4404; baseline -0.005 -18"><span class='ocrx_word' id='word_1_327' title='bbox 133 4318 251 4404; x_wconf 84' lang='lat' dir='ltr'>itaque</span> <span class='ocrx_word' id='word_1_328' title='bbox 274 4317 361 4404; x_wconf 90' lang='lat' dir='ltr'>qnod</span> <span class='ocrx_word' id='word_1_329' title='bbox 383 4316 416 4382; x_wconf 92' lang='lat' dir='ltr'>in</span> <span class='ocrx_word' id='word_1_330' title='bbox 440 4314 667 4383; x_wconf 89' lang='lat' dir='ltr'>Promethei</span> <span class='ocrx_word' id='word_1_331' title='bbox 691 4315 807 4383; x_wconf 80' lang='lat' dir='ltr'>sabula</span> <span class='ocrx_word' id='word_1_332' title='bbox 829 4322 973 4402; x_wconf 90' lang='lat' dir='ltr'>utroque</span> <span class='ocrx_word' id='word_1_333' title='bbox 996 4313 1142 4380; x_wconf 91' lang='lat' dir='ltr'>carmine</span> <span class='ocrx_word' id='word_1_334' title='bbox 1164 4317 1305 4379; x_wconf 87' lang='lat' dir='ltr'>narrata</span> <span class='ocrx_word' id='word_1_335' title='bbox 1329 4334 1443 4380; x_wconf 89' lang='lat' dir='ltr'>secun·</span> 
     </span>
     <span class='ocr_line' id='line_1_39' title="bbox 134 4414 1443 4490; baseline -0.003 0"><span class='ocrx_word' id='word_1_336' title='bbox 134 4422 213 4490; x_wconf 91' lang='lat' dir='ltr'>dum</span> <span class='ocrx_word' id='word_1_337' title='bbox 244 4421 436 4488; x_wconf 84' lang='lat' dir='ltr'>universam</span> <span class='ocrx_word' id='word_1_338' title='bbox 464 4420 644 4488; x_wconf 88' lang='lat' dir='ltr'>carminum</span> <span class='ocrx_word' id='word_1_339' title='bbox 666 4419 833 4487; x_wconf 88' lang='lat' dir='ltr'>rationem</span> <span class='ocrx_word' id='word_1_340' title='bbox 856 4419 930 4486; x_wconf 89' lang='lat' dir='ltr'>veri</span> <span class='ocrx_word' id='word_1_341' title='bbox 953 4424 1029 4485; x_wconf 87' lang='lat' dir='ltr'>erat</span> <span class='ocrx_word' id='word_1_342' title='bbox 1051 4416 1158 4485; x_wconf 90' lang='lat' dir='ltr'>simile</span> <span class='ocrx_word' id='word_1_343' title='bbox 1190 4414 1443 4486; x_wconf 87' lang='lat' dir='ltr'>narrationibus</span> 
     </span>
     <span class='ocr_line' id='line_1_40' title="bbox 133 4521 1442 4613; baseline -0.002 -20"><span class='ocrx_word' id='word_1_344' title='bbox 133 4524 338 4613; x_wconf 86' lang='lat' dir='ltr'>comparatis</span> <span class='ocrx_word' id='word_1_345' title='bbox 368 4547 481 4592; x_wconf 90' lang='lat' dir='ltr'>verum</span> <span class='ocrx_word' id='word_1_346' title='bbox 514 4546 587 4592; x_wconf 85' lang='lat' dir='ltr'>esse</span> <span class='ocrx_word' id='word_1_347' title='bbox 619 4526 863 4612; x_wconf 90' lang='lat' dir='ltr'>comprobatur.</span> <span class='ocrx_word' id='word_1_348' title='bbox 892 4563 935 4573; x_wconf 95' lang='lat'>—</span> <span class='ocrx_word' id='word_1_349' title='bbox 978 4523 1041 4590; x_wconf 87' lang='lat' dir='ltr'>hac</span> <span class='ocrx_word' id='word_1_350' title='bbox 1070 4521 1202 4588; x_wconf 93' lang='lat' dir='ltr'>ratione</span> <span class='ocrx_word' id='word_1_351' title='bbox 1236 4543 1321 4609; x_wconf 91' lang='lat' dir='ltr'>quae</span> <span class='ocrx_word' id='word_1_352' title='bbox 1352 4523 1442 4591; x_wconf 91' lang='lat' dir='ltr'>inter</span> 
     </span>
     <span class='ocr_line' id='line_1_41' title="bbox 133 4625 1443 4716; baseline -0.001 -20"><span class='ocrx_word' id='word_1_353' title='bbox 133 4630 348 4698; x_wconf 88' lang='lat' dir='ltr'>narrationes</span> <span class='ocrx_word' id='word_1_354' title='bbox 371 4630 552 4697; x_wconf 90' lang='lat' dir='ltr'>intercedit</span> <span class='ocrx_word' id='word_1_355' title='bbox 572 4652 651 4695; x_wconf 92' lang='lat' dir='ltr'>non</span> <span class='ocrx_word' id='word_1_356' title='bbox 675 4631 897 4716; x_wconf 87' lang='lat' dir='ltr'>prohibemur,</span> <span class='ocrx_word' id='word_1_357' title='bbox 929 4628 1103 4716; x_wconf 91' lang='lat' dir='ltr'>quominus</span> <span class='ocrx_word' id='word_1_358' title='bbox 1126 4626 1237 4714; x_wconf 91' lang='lat' dir='ltr'>ipsum</span> <span class='ocrx_word' id='word_1_359' title='bbox 1258 4625 1443 4696; x_wconf 86' lang='lat' dir='ltr'>Hesiodum</span> 
     </span>
     <span class='ocr_line' id='line_1_42' title="bbox 133 4731 1442 4822; baseline -0.001 -19"><span class='ocrx_word' id='word_1_360' title='bbox 133 4735 236 4803; x_wconf 89' lang='lat' dir='ltr'>etiam</span> <span class='ocrx_word' id='word_1_361' title='bbox 259 4732 404 4822; x_wconf 91' lang='lat' dir='ltr'>Operum</span> <span class='ocrx_word' id='word_1_362' title='bbox 426 4733 633 4802; x_wconf 86' lang='lat' dir='ltr'>narrationis</span> <span class='ocrx_word' id='word_1_363' title='bbox 656 4740 789 4821; x_wconf 91' lang='lat' dir='ltr'>poetam</span> <span class='ocrx_word' id='word_1_364' title='bbox 813 4735 919 4800; x_wconf 86' lang='lat' dir='ltr'>fuisse</span> <span class='ocrx_word' id='word_1_365' title='bbox 943 4731 1198 4815; x_wconf 88' lang='lat' dir='ltr'>contendamus,</span> <span class='ocrx_word' id='word_1_366' title='bbox 1230 4731 1260 4800; x_wconf 92' lang='lat' dir='ltr'>si</span> <span class='ocrx_word' id='word_1_367' title='bbox 1289 4733 1385 4804; x_wconf 86' lang='lat' dir='ltr'>modo</span> <span class='ocrx_word' id='word_1_368' title='bbox 1407 4734 1442 4802; x_wconf 90' lang='lat' dir='ltr'>id</span> 
     </span>
     <span class='ocr_line' id='line_1_43' title="bbox 133 4836 1441 4928; baseline -0.002 -20"><span class='ocrx_word' id='word_1_369' title='bbox 133 4841 186 4908; x_wconf 89' lang='lat' dir='ltr'>ita</span> <span class='ocrx_word' id='word_1_370' title='bbox 205 4860 281 4906; x_wconf 90' lang='lat' dir='ltr'>esse</span> <span class='ocrx_word' id='word_1_371' title='bbox 299 4839 433 4907; x_wconf 89' lang='lat' dir='ltr'>aliunde</span> <span class='ocrx_word' id='word_1_372' title='bbox 453 4845 686 4928; x_wconf 87' lang='lat' dir='ltr'>consequatur.</span> <span class='ocrx_word' id='word_1_373' title='bbox 734 4841 778 4909; x_wconf 88' lang='lat' dir='ltr'>ad</span> <span class='ocrx_word' id='word_1_374' title='bbox 797 4838 849 4907; x_wconf 89' lang='lat' dir='ltr'>sui</span> <span class='ocrx_word' id='word_1_375' title='bbox 867 4838 975 4925; x_wconf 89' lang='lat' dir='ltr'>ipsius</span> <span class='ocrx_word' id='word_1_376' title='bbox 991 4859 1125 4905; x_wconf 89' lang='lat' dir='ltr'>carmen</span> <span class='ocrx_word' id='word_1_377' title='bbox 1140 4836 1292 4906; x_wconf 86' lang='lat' dir='ltr'>alludere</span> <span class='ocrx_word' id='word_1_378' title='bbox 1308 4837 1350 4905; x_wconf 88' lang='lat' dir='ltr'>ab</span> <span class='ocrx_word' id='word_1_379' title='bbox 1366 4844 1441 4906; x_wconf 89' lang='lat' dir='ltr'>arte</span> 
     </span>
    </p>
   </div>
   <div class='ocr_carea' id='block_1_5' title="bbox 0 0 1835 5508">
    <p class='ocr_par' dir='ltr' id='par_1_6' title="bbox 0 0 1835 5508">
     <span class='ocr_line' id='line_1_44' title="bbox 0 0 1835 5508; baseline 0 0"><span class='ocrx_word' id='word_1_380' title='bbox 0 0 1835 5508; x_wconf 95' lang='lat' dir='ltr'> </span> 
     </span>
    </p>
   </div>
  </div>
 </body>
</html>
