3659 5509
773 442 816 509 57

133 601 304 696 conexum,
328 636 403 681 cum
422 613 464 681 de
480 613 606 702 pudore
620 613 790 682 Hesiodus
813 614 945 681 omnino
969 637 1034 681 non
1056 620 1148 701 egat.
1187 613 1344 683 dubitare
1365 614 1447 682 lieet

131 718 186 785 de
206 741 256 786 vv.
279 719 453 786 327-382
482 719 572 785 inter
597 719 680 786 duas
708 719 865 787 carminis
893 724 1010 807 partes
1034 719 1328 788 intercedentibus.
1372 719 1446 807 ipse

129 821 365 891 Kirchhoffius
389 825 457 911 (pg.
481 824 537 906 62)
561 823 805 892 sententiarum
836 829 872 891 et
901 845 1060 891 conexum
1090 829 1126 892 et
1154 845 1369 912 progressum
1391 846 1446 890 ex·

128 926 292 1025 plicavit,
327 950 400 994 eum
430 949 575 995 conexus
606 950 713 1016 neque
745 950 817 995 cum
848 928 1127 997 antecedentibus
1160 949 1267 1017 neque
1296 949 1368 995 cum
1395 949 1445 995 se·

131 1031 316 1120 quentibus
349 1031 432 1099 adeo
466 1031 588 1119 planus
622 1039 724 1121 etque
755 1032 922 1100 dilucidus
955 1034 1018 1117 sit,
1052 1041 1092 1101 ut
1120 1034 1304 1101 Hesiodum
1335 1032 1445 1119 ipsum

128 1158 255 1204 versus
297 1137 541 1225 interposuisse
583 1137 658 1205 iure
700 1137 901 1206 contendere
939 1138 1123 1207 videamur.
1189 1138 1289 1226 primi
1326 1159 1445 1204 versus

130 1241 215 1326 (327
237 1241 325 1329 sqq.)
347 1241 485 1309 eandem
508 1241 711 1309 sententiam
734 1263 834 1329 quam
855 1264 910 1309 vv.
933 1242 1036 1322 32516
1064 1241 1255 1329 proferunt,
1290 1263 1364 1307 cum
1393 1239 1446 1306 ira

129 1346 273 1413 deorum
303 1369 377 1413 eum
408 1346 566 1414 affectum
594 1346 638 1413 iri
667 1346 798 1428 dicant,
834 1346 892 1433 qui
921 1345 955 1412 iu
978 1346 1085 1414 variis
1107 1346 1208 1414 rebus
1232 1345 1348 1413 allatis
1371 1366 1444 1431 pec·

129 1450 277 1519 caverit.
315 1456 501 1540 sequuntur
519 1450 617 1519 varis
635 1451 677 1518 de
695 1451 769 1519 vitu
789 1450 933 1518 humana
955 1456 1146 1538 praecepta,
1170 1473 1255 1538 quae
1278 1449 1320 1517 ad
1343 1449 1444 1515 homi·

129 1577 216 1622 num
237 1578 336 1622 usum
365 1561 400 1624 et
426 1556 700 1623 consuetudinem
721 1555 903 1643 pertinent.
950 1555 1032 1622 ordo
1055 1562 1167 1623 autem
1189 1559 1444 1642 praeceptorum

129 1659 191 1727 hic
212 1660 420 1728 constitutus
443 1666 513 1743 est,
546 1668 586 1728 ut
608 1659 729 1728 ultima
751 1659 795 1728 ad
817 1659 951 1727 easdem
976 1682 1031 1727 res
1054 1665 1224 1747 spectent,
1259 1681 1344 1747 quae
1366 1657 1445 1724 inde

129 1786 156 1831 a
181 1787 283 1833 versu
305 1765 368 1832 383
398 1766 578 1833 secundum
607 1764 764 1833 carminis
794 1770 1027 1850 argumentum
1052 1771 1272 1853 exponuntur.
1318 1763 1445 1830 totiens

129 1874 249 1937 tamen
272 1869 434 1937 inciditur
456 1870 700 1938 sententiarum
723 1892 877 1954 conexus,
900 1876 941 1937 ut
953 1868 1094 1937 Hesiodi
1117 1891 1191 1937 esse
1213 1891 1333 1937 versus
1355 1867 1445 1935 haud

128 1974 236 2042 facile
260 1975 438 2064 quisquam
460 1975 651 2044 contendat.

222 2079 298 2147 Hoc
319 2079 427 2166 igitur
448 2082 591 2169 primum
617 2085 808 2148 statuamus
830 2080 930 2147 licet:
957 2079 1035 2148 inde
1058 2102 1078 2148 a
1100 2102 1202 2149 versu
1222 2078 1285 2146 201
1310 2083 1389 2167 apte
1412 2084 1448 2145 et

130 2189 357 2252 conectuntur
386 2189 422 2252 et
450 2184 715 2273 progrediuntur
744 2184 950 2265 sententiae,
985 2190 1088 2274 atque
1112 2206 1212 2251 unum
1238 2184 1325 2251 illud
1347 2205 1445 2269 argu·

129 2294 284 2357 mentum
304 2290 486 2377 praecipue
508 2289 696 2377 exponitur,
722 2289 811 2377 quod
831 2291 1001 2377 prooemio
1018 2289 1238 2376 significatur.
1275 2311 1348 2356 cum
1370 2287 1446 2376 ipsa

129 2393 245 2479 igitur
266 2394 468 2462 Kirohhoffii
490 2394 659 2462 ‘carmina’
683 2394 774 2461 inter
796 2416 833 2461 se
856 2400 932 2462 arte
955 2395 1143 2478 cohaerent,
1170 2399 1241 2460 turn
1264 2392 1374 2461 omnia
1395 2392 1446 2459 ita

131 2500 179 2565 ad
213 2498 420 2587 prooemium
453 2504 626 2587 spectant,
661 2504 701 2566 ut
732 2498 867 2567 difficile
901 2499 949 2566 sit
972 2498 1084 2587 Opera
1111 2504 1147 2567 et
1168 2498 1252 2566 Dies
1280 2520 1381 2564 unum
1411 2502 1447 2564 et

131 2604 331 2671 continuum
359 2625 491 2671 carmen
514 2626 589 2671 esse
610 2626 747 2690 negare.
790 2608 903 2672 restat
926 2611 1048 2688 autem,
1082 2610 1120 2670 ut
1142 2603 1303 2692 quomodo
1327 2624 1445 2669 versus

130 2708 214 2775 inde
237 2729 257 2775 a
280 2727 312 2775 v.
335 2708 398 2775 201
423 2730 496 2775 cum
518 2708 639 2797 primis
661 2708 818 2776 carminis
839 2710 996 2776 versibus
1019 2709 1221 2777 cohaereant
1247 2715 1349 2797 atque
1371 2729 1446 2774 con·

131 2812 244 2880 iuncti
267 2811 338 2880 sint
360 2834 571 2900 quaeramus.
615 2812 706 2880 inter
732 2812 792 2881 has
814 2821 933 2902 partes
957 2813 1043 2881 duee
1066 2813 1202 2881 fabulae
1224 2812 1447 2901 interpositae

131 2921 227 3000 sunt,
262 2938 403 3005 quarum
432 2917 577 3005 priorem
609 2917 650 2984 ab
673 2917 817 2985 Hesiodi
846 2923 922 2985 arte
951 2917 1044 2985 nullo
1072 2918 1169 2985 modo
1196 2918 1341 2986 alienam
1371 2939 1446 2984 esse

132 3021 364 3108 cognovimus.
419 3021 480 3089 sed
508 3022 722 3089 consentiunt
750 3021 818 3089 viri
848 3021 939 3089 docti
968 3022 1156 3110 posteriore
1186 3022 1301 3110 aliqua
1331 3025 1446 3088 aetate

131 3126 278 3194 carmini
296 3125 357 3194 has
375 3132 493 3213 partes
510 3127 661 3194 intextas
680 3147 764 3193 esse.
803 3126 890 3215 quod
913 3127 944 3194 si
962 3149 1078 3194 verum
1096 3133 1197 3210 esset,
1211 3125 1330 3195 videas
1346 3147 1446 3213 quae·

132 3253 187 3314 so,
222 3251 322 3317 quam
343 3228 378 3296 in
401 3234 548 3298 aetatem
571 3230 718 3317 Operum
738 3230 958 3318 interpolatio
981 3231 1182 3298 reicereturl
1227 3230 1337 3317 ipsam
1359 3229 1446 3297 enim

131 3333 434 3422 interpolationem
464 3334 618 3401 imitatus
647 3340 701 3401 est
723 3333 937 3421 Theogoniae
959 3336 1194 3423 interpolator.
1239 3334 1334 3424 utqui
1357 3333 1447 3402 alter

134 3439 287 3528 Operum
308 3438 534 3526 interpolator
555 3476 598 3487 -
621 3461 696 3505 eum
719 3439 793 3506 dice
816 3440 874 3527 qui
896 3463 953 3508 vv.
969 3440 1099 3507 68-82
1114 3445 1152 3519 «Ι-
1165 3439 1447 3524 90-104-1-105

132 3544 172 3611 in
201 3565 334 3611 carmen
364 3543 512 3611 inseruit
542 3580 585 3592 -
617 3542 831 3629 Theogoniae
861 3565 996 3610 rursum
1028 3544 1322 3632 interpolationem
1354 3548 1446 3612 certe

132 3648 292 3714 imitatus
316 3652 380 3714 est.

224 3751 383 3819 Dilucide
419 3755 532 3818 autem
568 3773 623 3818 res
661 3749 742 3818 mihi
775 3750 912 3820 videtur
945 3775 1030 3820 esse.
1085 3751 1321 3839 contempleris
1359 3753 1446 3819 enim

134 3877 263 3945 quaeso
283 3879 313 3923 v.
326 3855 401 3940 202,
425 3878 491 3943 quo
513 3856 631 3923 fabula
653 3856 697 3923 ad
719 3877 818 3941 reges
840 3857 1015 3944 pertinens
1037 3857 1213 3944 incipitur:
1237 3868 1302 3925 νῦν
1316 3852 1446 3924 d’ulvoo

135 3964 334 4045 βασιλεῦσιν
360 3958 458 4044 ἐρέω,
490 3959 696 4046 φρονέουσιν
724 3958 780 4025 καὶ
809 3960 932 4039 αὐτοῖς.
978 3963 1061 4029 mira
1084 3961 1446 4046 anturnacensi,

136 4070 173 4131 et
201 4064 322 4131 mirum
352 4063 388 4130 in
418 4063 550 4130 modum
580 4064 634 4131 hic
662 4062 756 4131 locus
780 4063 899 4132 differt
922 4088 943 4132 a
965 4067 1098 4147 ceteris,
1133 4067 1254 4154 quibus
1277 4066 1445 4133 Hesiodus

135 4167 328 4235 nominibus
362 4189 419 4235 eos
453 4167 644 4254 significare
679 4189 761 4255 quos
795 4168 990 4257 adloquitur
1024 4170 1110 4237 satis
1143 4169 1300 4236 habebat.
1345 4168 1445 4236 dicit:

136 4268 163 4339 ὦ
197 4271 314 4356 Πέρση
347 4272 393 4359 (v.
422 4272 480 4354 27,
515 4272 596 4353 218,
632 4270 725 4358 274),
760 4269 786 4338 ὦ
816 4276 974 4359 βασιλῆες
1007 4276 1053 4360 (v.
1081 4273 1169 4361 248).
1226 4273 1328 4341 etiam
1360 4273 1447 4342 hanc

135 4374 287 4444 fabulam
313 4376 428 4444 verbis
454 4374 659 4462 ὧβασιλῆες
685 4376 832 4463 incipere
856 4378 957 4446 facile
980 4383 1070 4460 erat.
1115 4382 1228 4445 tamen
1257 4400 1323 4445 non
1352 4378 1444 4462 fecit,

135 4502 198 4547 uec
229 4485 373 4563 temere,
411 4485 451 4547 ut
485 4479 612 4569 opinor.
657 4479 819 4548 faciamus
856 4483 944 4549 enim
981 4484 1032 4550 ita
1068 4504 1139 4549 rem
1176 4505 1212 4549 se
1245 4482 1369 4551 habero
1406 4489 1446 4550 ut

136 4583 205 4652 viri
228 4584 319 4651 docti
347 4584 561 4665 contendunt,
585 4586 607 4652 i.
625 4606 652 4651 e.
670 4606 805 4652 versum
818 4585 862 4651 49
881 4587 990 4675 excipi
1006 4587 1160 4654 versibus
1177 4587 1239 4653 201
1256 4609 1327 4675 sqq.
1366 4587 1445 4654 dus·

136 4687 200 4754 bus
221 4688 257 4754 in
271 4688 373 4755 rebus
389 4711 471 4756 sane
491 4690 642 4778 equidem
662 4688 875 4758 offenderem.
912 4692 1057 4778 primum
1080 4691 1166 4759 enirn
1189 4691 1358 4759 transitus
1381 4712 1446 4778 quo

137 4814 168 4859 v.
184 4791 247 4858 201
271 4792 383 4860 utitur
405 4800 515 4880 poeta,
539 4815 635 4882 quem
659 4793 782 4860 abusu
802 4794 984 4863 abhorrere
1003 4795 1158 4879 vidimus,
1182 4795 1359 4863 offensioni
1382 4799 1444 4862 est.

140 4896 244 4965 verba
264 4906 329 4963 νῦν
352 4895 389 4963 u
412 4896 485 4964 sine
506 4898 577 4965 ullo
600 4896 791 4966 sententiae
813 4899 964 4967 acumine
987 4898 1041 4967 hic
1063 4905 1250 4985 exstarent,
1280 4901 1311 4967 si
1341 4920 1446 4988 usque
