3659 5509
1040 462 1083 531 78

406 636 667 725 interrumpunt.
713 637 834 726 quibus
859 636 899 703 de
923 637 1033 705 causis
1056 639 1250 706 removendi
1273 638 1359 723 0101,
1383 637 1559 725 Meyerum
1581 645 1728 706 secutus

405 741 554 828 exposui,
574 765 670 830 quem
686 742 744 808 uni
760 750 862 830 atque
878 742 1015 829 egregio
1029 748 1151 830 poetae
1168 766 1224 810 eos
1241 743 1476 812 attribuendos
1493 765 1567 812 esse
1584 743 1727 810 minime

404 845 502 932 fugit.
548 846 635 914 unde
659 854 771 914 autem
794 848 1020 935 interpolator
1042 870 1099 916 eos
1123 850 1314 936 sumpserit,
1339 871 1375 916 ae
1398 850 1555 935 ignorare
1578 847 1723 936 profite-

402 957 470 1018 tur.
515 973 621 1038 neque
643 974 725 1019 vero
748 951 882 1020 difficile
905 959 959 1020 est
983 953 1086 1036 dictu,
1119 955 1251 1043 qualem
1274 954 1367 1021 Iovis
1392 954 1557 1042 ‘pugnam’
1581 975 1724 1020 carmen

402 1055 488 1123 illud
520 1058 724 1124 narraverit.
780 1058 853 1145 ipse
885 1056 1044 1145 Meyerus
1075 1058 1178 1142 vidit,
1214 1082 1312 1149 quam
1345 1066 1420 1127 arte
1453 1060 1545 1126 inter
1576 1080 1612 1125 se
1645 1058 1723 1123 sint

402 1161 538 1246 cognati
569 1161 604 1228 hi
632 1185 753 1229 versus
785 1171 821 1230 et
849 1186 905 1229 vv.
928 1164 1119 1248 820-868,
1154 1165 1275 1253 quibus
1305 1164 1399 1231 Iovis
1431 1164 1565 1252 ‘pugna'
1596 1171 1722 1230 contra

402 1265 599 1353 Typhonem
621 1266 834 1334 describitur.
879 1273 982 1357 atquc
1005 1292 1117 1337 omnes
1142 1292 1259 1337 versus
1289 1291 1415 1336 meram
1442 1291 1517 1337 esse
1539 1268 1722 1355 repetitio·

401 1393 477 1437 nem
499 1372 606 1437 totius
622 1370 896 1439 Titanomachiae
920 1373 1093 1441 iudicavit.
1132 1396 1213 1442 vere
1232 1397 1302 1443 rem
1321 1376 1372 1441 110
1395 1396 1470 1442 0000
1493 1373 1722 1440 constitutam

402 1474 555 1563 equidem
578 1497 643 1542 non
667 1475 864 1543 confirmem.
902 1485 1083 1566 postquam
1105 1480 1191 1547 enirn
1208 1478 1380 1546 Usenerus
1396 1482 1494 1562 (mus.
1507 1477 1599 1545 rhen.
1614 1476 1720 1560 1901)

403 1579 620 1665 sagacissime
643 1580 684 1647 dc
706 1605 793 1649 0000
817 1582 930 1669 011000
953 1584 1099 1652 carmine
1121 1585 1289 1652 Hesiodeo
1314 1583 1520 1671 disputavit,
1553 1604 1618 1669 quo
1643 1580 1717 1669 Ty·

401 1685 541 1772 phonem
566 1692 601 1752 et
624 1691 740 1752 natum
763 1708 838 1754 0000
859 1686 999 1755 1000010
1030 1693 1066 1756 01
1092 1712 1112 1756 0
1135 1691 1297 1776 δρακαίνᾳ
1320 1689 1496 1755 educatum
1528 1695 1563 1754 et
1587 1685 1719 1753 01000

402 1796 597 1876 superatum
620 1796 721 1878 poeta
743 1792 949 1874 narraverit,
981 1793 1118 1860 exsistit
1140 1793 1303 1881 quaestio,
1335 1815 1444 1860 nonne
1472 1793 1507 1858 10
1528 1791 1591 1858 bac
1612 1799 1719 1879 parte

403 1892 615 1979 Theogoniae
649 1897 717 1980 (vv.
741 1896 807 1962 820
829 1898 917 1984 sqq.)
950 1898 1140 1965 memoriam
1172 1898 1270 1965 huius
1303 1898 1461 1965 carminis
1493 1896 1719 1964 inveniamus.

401 2019 483 2064 sane
506 1998 645 2066 hicnon
669 1999 817 2084 Iunonis,
842 2001 902 2067 sed
926 2001 1052 2069 Terrae
1075 2002 1166 2069 filius
1189 2010 1243 2069 001
1264 2002 1418 2091 Typhon,
1443 2025 1524 2069 sane
1547 2000 1588 2068 de
1610 2001 1718 2085 longo

400 2103 562 2190 temporis
585 2106 707 2191 000110,
732 2127 797 2192 000
821 2105 984 2173 educatus
1008 2107 1064 2190 sit,
1090 2109 1175 2174 nihil
1199 2107 1334 2174 dicitur.
1380 2107 1441 2175 sed
1462 2114 1538 2175 tota
1560 2105 1720 2173 narratio

399 2207 436 2274 10
463 2229 564 2275 anum
594 2208 680 2276 diem
710 2210 824 2299 inepte
856 2234 1047 2299 compressa
1079 2222 1141 2280 est.
1187 2219 1299 2280 tamen
1331 2212 1366 2279 id
1397 2211 1486 2299 quod
1516 2212 1550 2277 in
1574 2216 1719 2278 vetusto

400 2311 461 2379 1110
483 2314 639 2398 carmine,
662 2314 756 2382 cuius
780 2315 984 2385 lineamenta
1012 2317 1179 2386 Usenerus
1202 2318 1298 2384 nobis
1321 2317 1481 2398 ostendit,
1505 2338 1634 2383 summa
1656 2337 1718 2381 res

401 2439 476 2484 esse
504 2418 664 2504 debebat,
700 2420 753 2488 hic
784 2444 915 2510 quoque
950 2422 1125 2491 maximam
1161 2422 1368 2491 narrationis
1401 2429 1532 2510 partem
1565 2420 1717 2487 obtinet:

398 2545 546 2611 pugnam
569 2523 642 2592 dico
665 2525 758 2593 Iovis
783 2533 901 2594 contra
925 2527 1130 2616 Typhonem.
1176 2528 1258 2596 haec
1281 2528 1414 2616 ‘pugna'
1439 2527 1473 2593 10
1497 2524 1717 2611 Theogoniae

401 2628 556 2695 versibus
579 2629 645 2696 820
667 2653 739 2719 sqq.
763 2631 922 2700 similiter
946 2633 1149 2701 describitur
1172 2639 1275 2722 atque
1303 2634 1338 2700 10
1369 2629 1540 2721 particula
1564 2629 1716 2698 ‘Titano-

400 2732 570 2818 machiae’,
603 2757 669 2824 qna
690 2736 846 2824 Iuppiter
874 2738 926 2804 ita
954 2760 1087 2825 pugnae
1117 2761 1154 2807 00
1175 2739 1362 2806 immiscere
1385 2738 1520 2818 dicitur,
1554 2739 1716 2803 0110100

399 2837 542 2907 mundus
579 2839 814 2908 inflammetur.
881 2865 990 2910 nonne
1026 2844 1061 2910 hi
1095 2867 1214 2912 versus
1249 2866 1267 2910 e
1300 2849 1437 2911 0010010
1472 2842 1532 2908 1110
1566 2840 1716 2908 carmine

400 2943 514 3010 hausti
537 2966 612 3012 esse
634 2946 800 3034 possunt?
845 2970 931 3036 quae
954 2950 1146 3017 coniectura
1169 2950 1386 3017 confirmatur
1407 2972 1464 3017 vv.
1481 2946 1653 3014 695-697
1678 2951 1718 3013 01

401 3048 573 3117 aue-851
598 3054 811 3140 comparatis.
856 3059 1000 3142 utroque
1024 3055 1095 3122 loco
1119 3061 1213 3121 totus
1237 3055 1378 3121 mundus
1401 3052 1598 3119 fulminibus
1617 3050 1715 3117 Iovis

398 3153 554 3222 incensus
574 3161 609 3223 et
627 3180 808 3224 concussus
825 3159 1038 3227 describitur.
1072 3160 1335 3248 praetermittit
1354 3160 1420 3227 iam
1442 3182 1462 3226 a
1478 3156 1603 3224 Wolfio
1618 3163 1715 3224 recte

399 3257 546 3325 delatum
568 3260 670 3327 etiam
693 3283 813 3328 versus
828 3264 973 3346 847se49
993 3287 1011 3331 e
1029 3265 1141 3352 priore
1160 3268 1260 3352 parte
1282 3264 1370 3331 falso
1390 3263 1445 3329 bio
1464 3261 1587 3330 inserti
1609 3267 1715 3349 atque

401 3363 595 3430 secludendi
614 3366 693 3432 mihi
712 3366 878 3435 videntur.
914 3368 1069 3437 conferas
1085 3392 1209 3458 quaeso
1224 3393 1279 3437 00.
1295 3369 1359 3436 695
1374 3376 1410 3435 et
1425 3368 1500 3435 681.
1538 3366 1656 3432 mirum
1675 3365 1713 3432 in

399 3467 530 3534 modum
546 3469 606 3536 hos
622 3470 712 3538 locos
728 3472 817 3539 inter
834 3495 870 3540 00
886 3474 1080 3561 conspirare
1096 3498 1160 3541 000
1174 3474 1297 3562 001001
1314 3478 1425 3560 neget.
1457 3494 1603 3561 pugnam
1615 3469 1714 3537 Iovis

402 3594 475 3640 cum
495 3572 657 3662 Typhone
681 3575 896 3663 Theogoniae
920 3580 961 3645 ab
985 3578 1229 3668 interpolatore
1253 3579 1366 3667 aliquo
1381 3615 1424 3627 -
1446 3599 1513 3645 000
1536 3600 1557 3644 0
1579 3575 1713 3664 Meyeri

402 3680 632 3766 ‘compositore
643 3680 1152 3754 Titanomachiae'—ineertam
1163 3708 1237 3752 esse
1247 3684 1314 3752 iam
1326 3689 1405 3752 ante
1414 3681 1587 3771 Meyerum
1599 3679 1713 3768 Grup·

400 3783 478 3871 0100
492 3790 584 3853 recte
600 3786 792 3873 0000100100
808 3794 871 3856 001.
907 3789 1095 3858 010101100
1111 3789 1310 3878 0000001001
1323 3786 1540 3875 descriptioni
1552 3786 1712 3874 propriae

404 3894 595 3973 exstarent,
628 3891 820 3960 sufficerent
847 3895 945 3962 nobis
968 3918 1055 3964 unus
1078 3920 1109 3963 v.
1131 3897 1195 3963 881
1220 3895 1335 3984 01001
1359 3897 1555 3982 sequuntur,
1588 3891 1712 3979 quibus

402 3993 443 4060 de
466 4015 578 4081 pugna
600 3996 780 4065 adversum
796 3998 993 4088 Typhonem
1016 4001 1191 4069 commissa
1213 4002 1298 4068 nihil
1318 4000 1451 4068 dieitur.
1489 3997 1587 4066 novit
1608 4003 1712 4084 poeta

402 4099 538 4165 deorum
567 4123 713 4188 pugnam
743 4126 816 4170 cum
840 4104 1020 4173 Titanibus
1042 4113 1185 4192 tantum,
1220 4130 1287 4194 qna
1316 4105 1493 4172 commissa
1513 4103 1668 4191 Iuppiter
1692 4125 1712 4169 e

403 4203 530 4272 Terrae
553 4207 692 4276 consilio
715 4231 776 4275 rex
800 4209 935 4276 deorum
957 4211 1069 4278 factus
1093 4221 1156 4279 001.
1202 4235 1256 4278 vv.
1279 4211 1453 4277 820-880
1473 4209 1581 4295 igitur
1603 4229 1711 4295 neque

399 4308 541 4377 Hesiodi
565 4320 645 4379 sunt
666 4335 774 4402 neque
797 4317 1030 4403 compositoris
1053 4339 1128 4384 esse
1153 4316 1312 4386 videntur
1329 4317 1386 4404 qui
1401 4311 1711 4382 ‘Titanomachiam’

400 4413 495 4482 illam
518 4415 730 4503 Theogoniae
759 4419 914 4488 inseruit.
960 4422 1075 4488 eodem
1098 4422 1171 4490 iure
1195 4422 1335 4489 Hesiodi
1361 4443 1435 4488 esse
1457 4443 1513 4487 00.
1537 4418 1713 4487 687-710

397 4520 468 4607 (001
491 4521 594 4588 etiam
617 4523 682 4610 ipsi
705 4525 796 4591 inter
818 4548 854 4592 se
872 4549 938 4592 non
957 4527 1149 4613 cohaerent)
1167 4528 1374 4614 negavimus.
1408 4531 1447 4593 at
1465 4525 1495 4592 si
1513 4524 1574 4591 hos
1589 4546 1711 4591 versus

401 4648 419 4690 e
443 4624 697 4697 Titanomachia
719 4652 927 4698 removemus
949 4654 1056 4721 00000
1080 4632 1311 4701 obliviscimur
1332 4629 1621 4719 interpolatorem,
1652 4628 1712 4716 001
1787 4691 1792 4700 .

397 4752 455 4799 eos
489 4731 625 4802 aliunde
659 4742 810 4823 sumptos
842 4737 992 4805 inserere
1026 4737 1207 4822 voluisset,
1245 4740 1350 4806 etiam
1385 4741 1563 4826 sequentes
1596 4732 1712 4824 aliquo

401 4836 498 4904 modo
520 4844 677 4926 tangere,
709 4847 854 4930 mutare,
887 4843 931 4911 ad
954 4843 1248 4932 interpolationem
1271 4865 1365 4911 suam
1389 4844 1552 4933 adaptare
1573 4862 1711 4909 necesse

400 4943 522 5029 fuisse,
553 4946 708 5017 versibus
731 4948 789 5039 qui
817 4955 952 5019 restant
980 4973 1099 5021 sensus
1122 4974 1189 5019 non
1210 4949 1437 5020 intolerabilis
1460 4948 1612 5017 efficitur.
1657 4953 1709 5016 at·
