3659 5509
1027 419 1070 490 14

393 595 475 665 Ιο50
495 595 659 664 Ηο505105
677 595 912 664 Prometheum
942 596 1078 682 liberat,
1099 620 1171 665 cum
1193 598 1256 666 hac
1278 621 1315 666 re
1338 604 1437 686 gesta
1451 598 1610 667 Herculis
1635 597 1714 684 glo·

393 702 479 770 5105
510 700 707 790 amplificari
738 701 886 770 voluerit
914 702 1088 791 Iuppiter,
1124 709 1226 790 atque
1260 703 1335 771 ideo
1367 703 1568 772 Prometheo
1599 727 1711 792 porro

394 808 497 875 irasci
518 806 631 890 desiit,
652 807 805 895 5505515
831 808 1045 876 5010505105
1069 808 1100 875 01
1122 809 1328 876 irasceretur
1345 816 1535 898 propterea,
1560 810 1653 899 quod
1679 810 1711 876 is

393 914 453 1000 (sc.
477 911 711 999 Prometheus)
744 912 923 980 0551050
953 919 1085 981 certare
1108 913 1256 981 audebat
1277 914 1322 1000 (5.
1346 914 1469 1000 53314).
1515 916 1711 1003 complures

396 1018 449 1085 his
473 1017 629 1086 versibus
653 1017 764 1085 inesse
785 1017 1008 1086 difficultates
1027 1041 1122 1085 nemo
1144 1041 1210 1085 non
1230 1018 1326 1086 videt
1340 1042 1447 1108 neque
1465 1021 1580 1088 aviris
1593 1020 1710 1087 doctis

395 1123 570 1209 neglectae
604 1128 693 1190 5551.
746 1128 848 1210 01550
881 1130 922 1189 51
954 1146 975 1190 0
1008 1123 1212 1210 gravissima
1245 1124 1445 1212 principium
1478 1125 1547 1208 fiat,
1582 1125 1709 1193 videas

396 1251 530 1318 quaeso,
563 1250 649 1316 quae
678 1227 726 1295 sit
748 1249 905 1296 versuum
928 1228 992 1295 533
1016 1234 1051 1296 01
1073 1229 1138 1295 534
1159 1228 1356 1296 0051550110.
1401 1252 1508 1317 usque
1531 1230 1575 1298 ad
1596 1231 1710 1298 verba

397 1334 438 1401 ὃν
460 1332 543 1420 πρὶν
564 1337 698 1420 ἔχεσκεν
726 1331 881 1421 15551105
913 1339 967 1400 051
998 1333 1184 1400 subiectum
1216 1334 1304 1423 quod
1336 1357 1397 1402 nos
1421 1335 1560 1403 dicimus
1592 1337 1709 1402 totius

394 1440 594 1522 sententiae,
636 1460 755 1506 505555
790 1439 855 1505 534
887 1437 1118 1505 Prometheus.
1178 1439 1307 1521 deinde,
1346 1462 1419 1506 cum
1452 1463 1572 1508 versus
1606 1447 1708 1508 ante-

391 1544 548 1611 cedentes
570 1548 688 1631 aperte
711 1543 752 1611 de
774 1542 857 1610 Iove
879 1548 994 1629 agant,
1022 1565 1123 1610 versu
1147 1544 1212 1610 534
1233 1551 1346 1612 15505
1369 1544 1462 1612 10515
1483 1568 1601 1613 acmen
1627 1568 1706 1612 con·

392 1654 449 1717 150
481 1649 669 1737 opinionem
699 1648 876 1736 repetitur,
912 1670 985 1715 055
1013 1671 1196 1736 pronomen
1223 1649 1397 1736 personale
1422 1650 1535 1739 potius
1566 1673 1707 1739 exspec-

393 1761 502 1821 temus
524 1776 623 1841 quam
645 1753 755 1841 ipsum
776 1775 905 1820 nomen.
952 1775 1018 1841 550
1050 1753 1157 1839 igitur
1186 1754 1221 1820 15
1252 1777 1289 1821 50
1320 1754 1419 1821 51515
1442 1761 1634 1823 accuratum
1666 1779 1708 1823 50

395 1860 559 1947 praebeat
592 1865 710 1945 poeta,
755 1857 894 1926 eandem
926 1857 1040 1925 eodem
1071 1858 1145 1925 loco
1181 1859 1289 1926 minus
1323 1866 1480 1927 accurate
1514 1883 1615 1946 agere
1649 1862 1704 1927 51-

392 1965 500 2032 detur.
545 1986 626 2032 5550
649 1962 869 2030 dubitandum
894 1967 957 2045 est,
998 1985 1075 2029 555
1098 1962 1200 2031 15105
1225 1965 1487 2032 0051550110505
1511 1987 1610 2053 5555
1634 1988 1707 2032 om·

392 2070 470 2137 nino
494 2068 758 2137 coniunctionem
782 2090 856 2135 esse
883 2068 957 2135 iure
976 2090 1079 2154 neges
1106 2067 1247 2135 Hesiodi
1277 2091 1351 2137 esse
1370 2069 1570 2137 contendere
1587 2069 1705 2137 liceat

394 2174 525 2243 accedit
548 2160 667 2241 ’55105
699 2172 769 2240 0115
800 2195 855 2240 505
879 2194 945 2261 550
969 2172 1137 2240 dubitatio
1162 2173 1203 2240 de
1225 2178 1300 2240 toto
1323 2173 1396 2241 loco
1421 2176 1490 2258 (vv.
1514 2174 1707 2260 oue-533)

394 2286 549 2348 movetur
570 2283 605 2346 et
626 2284 779 2364 augetur.
812 2276 890 2344 inde
909 2301 930 2345 0
949 2277 1114 2366 551501510
1133 2284 1242 2346 totam
1253 2279 1483 2347 narrationem
1496 2301 1534 2346 eo
1545 2278 1703 2347 videmus

390 2391 554 2474 spectare,
566 2389 605 2450 ut
617 2382 657 2450 de
669 2382 869 2450 Prometheo
885 2390 1019 2469 agatur.
1054 2384 1149 2471 01551
1161 2382 1251 2450 hisce
1261 2384 1296 2450 in
1313 2384 1468 2451 versibus
1478 2383 1704 2452 Prometheus

389 2491 503 2559 nullus
527 2495 590 2571 est,
614 2488 673 2555 sed
697 2488 732 2554 15
754 2486 912 2556 Ηο505115
935 2487 1076 2574 gloriam
1100 2488 1229 2556 inventi
1252 2511 1327 2557 0550
1348 2489 1517 2557 videntur.
1556 2489 1705 2578 denique

392 2597 556 2664 rationem
589 2594 714 2662 habeas
744 2614 869 2682 quaeso
900 2615 1059 2660 versuum
1082 2593 1146 2662 613
1156 2594 1265 2678 -616,
1293 2594 1414 2683 quibus
1436 2594 1628 2662 Promethei
1650 2594 1706 2661 fa·

394 2700 474 2769 bula
497 2699 716 2781 concluditur,
741 2720 825 2786 quos
847 2720 889 2765 ne
912 2697 947 2765 in
971 2698 1107 2765 dubium
1130 2720 1228 2766 voces
1251 2698 1318 2766 105
1340 2721 1428 2767 5550
1451 2706 1543 2767 00510
1557 2698 1705 2767 Hesiodi

391 2827 465 2873 esse
484 2804 602 2888 dicam,
624 2803 659 2871 id
680 2802 770 2891 quod
791 2802 826 2869 in
841 2802 1031 2891 posteriore
1051 2803 1346 2892 interpretationis
1357 2811 1457 2891 parte
1469 2804 1704 2891 comprobabo.

392 2915 496 2999 etque
526 2910 577 2976 115
603 2907 805 2976 concludunt
838 2907 1075 2990 narrationem,
1109 2916 1148 2974 ut
1178 2909 1300 2975 iterum
1323 2908 1439 2976 Iovem
1470 2908 1578 2996 decipi
1601 2930 1706 2996 posse

390 3019 530 3101 negent:
560 3036 602 3081 ne
625 3012 860 3081 Prometheum
890 3012 1023 3100 quidem
1045 3012 1139 3080 Iovis
1160 3035 1301 3101 poenam
1332 3014 1471 3100 fugisse,
1504 3035 1602 3101 quem
1626 3013 1706 3081 dira

394 3119 530 3187 5150510
552 3124 700 3186 1050051.
734 3115 863 3184 551155
886 3118 1026 3185 verbum
1049 3118 1089 3184 de
1113 3117 1224 3185 soluto
1238 3117 1436 3186 Prometheo
1458 3141 1556 3206 quem
1578 3120 1705 3205 δεσμὸς

391 3226 577 3311 κατερύκει.
622 3244 821 3312 55055555
845 3221 952 3309 igitur
975 3222 1053 3289 01115
1077 3223 1291 3309 Theogoniae
1313 3223 1397 3290 locis
1413 3223 1578 3291 Hercules
1601 3223 1703 3291 affer·

390 3336 458 3413 155,
473 3351 568 3418 5505
585 3328 665 3418 5515
677 3327 847 3395 Hesiodus
870 3328 1007 3395 noverit
1029 3327 1157 3394 nullum
1181 3332 1235 3394 est
1257 3327 1403 3410 dubium,
1427 3329 1462 3394 in
1478 3328 1567 3395 huuc
1587 3333 1702 3396 10505

394 3433 502 3502 10055
525 3440 645 3521 505100
667 3432 818 3500 15505155
842 3455 918 3500 0550
941 3432 1087 3501 videtur.
1121 3455 1229 3522 neque
1251 3454 1333 3501 vero
1347 3433 1520 3516 Alcmena,
1544 3432 1703 3501 Herculis

392 3543 511 3622 mater,
541 3538 576 3605 15
600 3537 796 3623 Theogonis
817 3538 1011 3606 nominatur
1042 3537 1166 3604 515115
1189 3544 1361 3626 50515050
1383 3543 1482 3626 50510
1504 3560 1591 3626 5550
1614 3538 1702 3606 55115

391 3643 495 3711 dubia
516 3648 579 3710 est
624 3643 740 3731 itaque
763 3642 883 3710 bacin
906 3665 944 3710 50
967 3643 1136 3711 assentior
1160 3643 1323 3731 Grnppio,
1354 3642 1540 3726 Mtitnellio,
1572 3641 1701 3726 Paleio,

391 3747 559 3816 Puntonio
588 3748 644 3837 qui
680 3748 721 3815 de
743 3747 900 3815 versibus
923 3748 1019 3815 526-
1032 3748 1096 3815 533
1119 3747 1330 3816 removendis
1356 3747 1422 3815 105
1446 3753 1600 3815 051050
1623 3770 1701 3833 ege·

394 3858 485 3921 runt.
540 3875 613 3921 cum
636 3859 750 3922 55105
780 3851 859 3919 1510
882 3854 924 3919 ab
947 3852 1120 3940 Aeschylo
1144 3852 1346 3920 05505105
1369 3853 1528 3920 noverint
1550 3851 1701 3920 fabulam

391 3957 581 4028 Promethei
605 3957 647 4024 ab
670 3956 816 4024 Hercule
837 3956 987 4039 liberati,
1018 3958 1098 4045 5515
1122 3957 1207 4024 50115
1230 3962 1369 4025 5015515
1384 3961 1498 4025 001010
1521 3956 1557 4023 hi
1578 3978 1700 4025 versus

391 4067 428 4133 15
450 4061 679 4150 Theogoniam
700 4061 901 4150 irrepserint
924 4061 1059 4128 dubium
1082 4084 1148 4128 non
1170 4065 1234 4129 est.
1257 4100 1301 4110 -

475 4169 549 4238 Iam
581 4168 624 4238 ad
651 4168 760 4256 ipsam
782 4165 976 4235 Promethei
1007 4166 1156 4235 fabulam
1188 4165 1413 4253 aggredimur.
1459 4189 1537 4234 505
1568 4166 1647 4233 inde
1677 4190 1699 4234 5

398 4299 431 4343 5.
460 4275 525 4342 535
554 4273 717 4363 quomodo
748 4271 968 4340 Prometheus
1000 4271 1180 4360 prudentia
1211 4271 1397 4339 0051050511
1427 4294 1500 4338 055
1531 4270 1613 4339 Ιο50
1645 4295 1700 4339 ex·

394 4379 541 4468 ponitur.
586 4378 722 4467 saepius
745 4377 800 4445 vel
823 4378 980 4445 continuo
1011 4377 1166 4445 certabat
1188 4400 1261 4445 cum
1283 4376 1381 4444 Iove:
1422 4376 1554 4463 ἐρίζετο,
1587 4376 1701 4465 155511

389 4489 502 4572 50010.
545 4506 644 4551 5505
677 4489 791 4550 05105
824 4480 976 4549 fabulam
1008 4482 1122 4568 elegit,
1156 4505 1222 4572 qua
1254 4487 1290 4549 et
1315 4479 1508 4549 Promethei
1540 4485 1575 4549 et
1601 4480 1696 4550 Iovis

387 4588 569 4678 prudentia
598 4587 799 4656 ostenditur.
845 4591 899 4654 051
928 4588 1024 4655 fraus
1046 4586 1204 4656 Meconae
1235 4586 1478 4655 aPrometheo
1508 4586 1696 4657 00551550.

393 4716 501 4782 50550
529 4693 638 4780 igitur
667 4715 780 4761 omnes
802 4691 996 4760 Promethei
1025 4692 1161 4761 fabulas
1183 4693 1347 4776 novimus,
1371 4712 1570 4779 quamquam
1592 4691 1698 4758 etiarn

395 4799 540 4869 alteram
561 4798 756 4886 Aeschylus
778 4798 875 4866 uobis
898 4799 1061 4882 servavit,
1087 4799 1146 4886 qui
1168 4821 1243 4867 eum
1263 4797 1414 4865 homines
1436 4802 1531 4865 00510
1550 4795 1701 4885 pernicie

394 4906 559 4975 liberasse
582 4903 666 4973 dicit
687 4904 821 4993 (Aesch.
845 4903 955 4973 Prom.
986 4927 1042 4973 55.
1058 4903 1253 4991 234-244).
1320 4907 1356 4972 01
1384 4901 1592 4971 narrationis
1622 4924 1700 4992 pro·
