3659 5509
737 431 780 501 15

104 634 261 701 gressum
284 617 321 681 et
340 609 422 701 quid
436 609 598 679 ramundi
614 609 746 679 ratione
762 609 949 693 doceamur,
967 608 1126 698 Meyerus
1142 608 1175 694 (l.
1191 610 1214 677 1.
1230 634 1285 699 pg.
1302 613 1417 704 34J35)

105 719 192 786 hene
215 717 362 807 exponit,
392 721 433 784 ut
464 716 506 783 de
538 715 600 783 hac
631 738 667 784 re
696 714 788 804 loqui
817 714 1063 802 supersedeam.
1108 736 1193 803 quae
1216 722 1328 785 autem
1358 742 1415 789 res

105 822 250 910 egitur?
293 826 464 908 κρίνονται
486 820 563 888 θεοὶ
585 820 754 906 θνητοίτ)
780 822 967 906 ἅνθρωποι.
1001 819 1213 906 significatur
1233 821 1342 908 igitur
1364 825 1414 892 fa·

103 929 197 1011 bule,
220 950 287 1017 qua
309 927 343 994 di
358 926 573 1016 hominesque
596 925 841 994 vetustissimis
864 925 1072 1013 temporibus
1090 947 1293 994 communem
1307 929 1414 998 vitum

103 1033 241 1120 degisse
264 1031 501 1100 narrabantur.
536 1030 581 1099 ad
603 1030 741 1097 eandem
763 1028 912 1097 fabulam
935 1030 1086 1118 pertinet
1106 1030 1332 1117 fragmentum
1347 1034 1413 1103 He·

105 1138 257 1207 siodeum
278 1138 320 1205 82
338 1137 401 1220 R',
421 1158 486 1225 quo
507 1157 695 1203 communes
708 1136 844 1203 deorum
856 1136 1088 1223 hominumque
1101 1158 1200 1204 ceras
1214 1137 1292 1204 olim
1307 1140 1415 1209 fuisse

104 1243 272 1311 docemur.
325 1241 550 1310 Callimachus
579 1248 692 1309 autem
721 1241 800 1328 (frg.
825 1240 888 1308 195
921 1244 957 1309 et
978 1239 1043 1307 465
1066 1239 1176 1322 Schn,
1207 1265 1293 1331 quae
1321 1252 1413 1316 certe

103 1348 197 1416 inter
220 1370 256 1416 se
279 1346 511 1433 coniungenda
532 1355 622 1430 sunt,
645 1345 688 1413 cf.
712 1344 828 1433 philol.
845 1344 899 1412 VI
914 1345 993 1431 495)
1015 1343 1115 1433 plane
1136 1346 1240 1414 slism
1262 1348 1412 1419 fabulam

105 1453 205 1520 nohis
228 1452 390 1535 servavit,
415 1473 613 1540 quamquam
637 1451 718 1519 hoec
741 1472 871 1539 quoque
894 1471 969 1518 oum
985 1449 1125 1519 Mecona
1148 1457 1202 1520 est
1225 1454 1413 1524 coniuncta.

104 1557 147 1626 de
179 1557 362 1625 honoribus
393 1556 480 1624 enim
511 1556 585 1643 agit
615 1556 737 1644 quibus
769 1555 895 1642 singuli
927 1554 982 1622 dei
1013 1561 1093 1644 post
1126 1555 1415 1629 Titanomachiam

105 1662 269 1731 huantur
290 1683 396 1751 neque
419 1662 581 1751 quomodo
608 1662 643 1727 di
666 1667 701 1730 et
717 1661 866 1729 homines
888 1661 980 1728 inter
995 1682 1032 1729 se
1048 1666 1270 1730 secernentur
1284 1671 1414 1735 narrat

105 1773 228 1856 aperte
259 1767 303 1835 sd
337 1766 551 1853 Theogonise
582 1790 639 1837 vv.
663 1766 836 1834 389-396
867 1772 1025 1854 spectant
1055 1766 1253 1836 Callimachi
1282 1790 1412 1854 versus,

105 1873 209 1962 plane
225 1871 327 1941 sliam
340 1879 453 1940 autem
469 1893 540 1940 rem
553 1871 744 1959 significant
759 1878 861 1961 atque
877 1894 931 1939 vv.
946 1871 1057 1954 535l6.
1073 1910 1113 1921 —
1134 1893 1220 1960 quae
1231 1879 1343 1942 autem
1358 1896 1415 1944 res

109 1978 145 2045 in
168 1976 439 2066 disquisitionem
462 1978 511 2045 sit
532 1989 654 2045 vocata
674 1975 842 2059 Meconae,
866 1977 943 2065 ipsa
964 1976 1118 2045 narretis
1141 1978 1300 2046 ostendit.
1331 2002 1415 2048 com·

108 2104 226 2151 munes
250 2105 349 2150 cenas
376 2104 477 2170 porro
506 2104 572 2149 non
595 2083 730 2150 futuras
762 2104 836 2150 esse
859 2081 1112 2149 constituerunt
1134 2081 1169 2150 di
1190 2083 1414 2175 hominesque.

106 2193 221 2256 tamen
244 2187 345 2276 plane
368 2188 498 2255 secerni
520 2187 649 2267 nolunt,
667 2187 726 2255 sed
749 2187 856 2255 sacris
879 2187 1052 2255 institutis
1075 2209 1117 2255 ne
1139 2187 1308 2276 pristinae
1329 2212 1416 2258 com-

106 2291 276 2359 munionis
301 2291 548 2360 ohliviscantur
569 2292 748 2380 prohibere
771 2291 922 2360 student.
955 2298 1087 2379 partem
1110 2294 1218 2379 igitur
1236 2317 1336 2365 cenae
1358 2297 1415 2364 ho·

107 2397 217 2465 mines
250 2397 303 2464 dis
334 2417 464 2464 sacram
494 2419 568 2465 esse
599 2398 821 2466 constituunt.
856 2398 996 2465 exsistit
1017 2398 1181 2487 quaestio,
1206 2421 1291 2489 quae
1314 2423 1415 2471 uenae

107 2523 191 2590 pars
215 2501 278 2584 dis,
302 2524 388 2591 quae
409 2502 600 2569 hominibus
622 2503 671 2570 sit
696 2502 906 2570 destinanda.
944 2501 1165 2570 Prometheus
1188 2504 1246 2592 qui
1268 2510 1305 2573 et
1325 2507 1415 2595 apud

109 2606 297 2676 Hesiodum
330 2614 366 2675 et
399 2607 488 2695 apud
511 2606 719 2694 Aeschylum
753 2607 921 2675 hominum
959 2613 1075 2696 partes
1110 2609 1270 2697 suscipit,
1307 2611 1417 2699 ipsum

109 2713 226 2780 Iovem
249 2712 375 2799 eligere
396 2713 501 2795 iubet,
526 2712 707 2801 quidinde
730 2714 772 2780 ab
795 2714 857 2782 hoc
872 2720 1023 2801 tempore
1039 2712 1075 2780 di
1097 2713 1275 2801 accipiant.
1303 2714 1416 2784 caedit

108 2818 220 2905 igitur
250 2818 377 2902 bovem,
410 2818 505 2885 cuius
536 2839 669 2886 carnem
702 2825 832 2903 ventre,
867 2839 945 2885 ossa
967 2817 1066 2906 adipe
1088 2818 1201 2905 velat;
1234 2825 1351 2907 partes
1381 2821 1417 2887 in

109 2923 210 2990 bovis
224 2922 313 3011 pelle
330 2922 482 3011 deponit;
505 2924 637 3012 iamque
652 2923 804 2991 omnihus
816 2924 1021 3011 comparatis
1032 2922 1148 2991 Iovem
1158 2926 1273 2991 utram
1286 2931 1418 3013 partem

108 3028 210 3095 malit
233 3049 362 3096 sumere
384 3028 489 3096 iubet.
534 3028 594 3095 sed
617 3034 732 3096 astuto
756 3028 864 3095 animo
888 3027 1109 3096 Prometheus
1132 3033 1248 3117 partes
1271 3036 1307 3097 et
1335 3029 1419 3098 fecit

110 3140 146 3200 et
177 3132 317 3216 velavit,
351 3155 425 3201 cum
446 3132 524 3200 Iovi
555 3133 707 3201 fraudem
737 3138 971 3220 praepararet.
1027 3133 1103 3201 ideo
1133 3133 1220 3202 enim
1242 3140 1282 3201 ut
1303 3134 1418 3203 Iovem

111 3237 295 3326 deciperet,
317 3238 422 3305 bonas
444 3238 541 3307 bovis
564 3243 682 3326 partes
705 3243 825 3305 ventre
848 3238 988 3321 velavit,
1002 3261 1081 3307 osse
1103 3246 1216 3307 autem
1239 3239 1283 3307 ad
1305 3261 1418 3309 cenam

111 3341 297 3430 perandum
328 3341 466 3410 inutilia
497 3343 606 3432 adipe,
637 3365 704 3431 qua
735 3342 882 3411 libenter
912 3349 1058 3412 utuntur
1085 3349 1121 3411 et
1142 3344 1178 3411 di
1200 3347 1236 3412 et
1257 3344 1417 3413 homines.

110 3453 215 3536 atque
238 3446 323 3515 hano
345 3448 471 3515 ossium
494 3455 633 3536 partem,
647 3448 801 3537 quamvis
818 3449 942 3531 dolose,
956 3449 1040 3518 bene
1062 3455 1098 3518 et
1119 3448 1228 3517 nitide
1250 3450 1420 3538 disposuit

112 3552 305 3636 (εὐθετίσας
325 3552 487 3639 κατέθηκε
511 3553 598 3637 541).
634 3554 744 3642 specie
767 3554 874 3640 igitur
896 3554 1045 3643 partium
1068 3554 1185 3623 Iovem
1208 3553 1361 3643 decipere
1383 3554 1419 3622 in

112 3659 225 3725 animo
257 3657 370 3726 hahet.
420 3680 538 3747 nempe
567 3658 682 3726 Iovem
714 3681 786 3727 eam
818 3666 950 3748 partem
980 3666 1157 3748 capturum
1188 3682 1263 3728 esse
1293 3665 1419 3748 sperat,

117 3763 213 3829 cuius
247 3763 350 3830 etiem
381 3764 492 3851 specie
526 3763 692 3832 allicitur:
724 3770 846 3832 venter
877 3771 991 3833 sutem
1023 3764 1103 3832 vilis
1132 3765 1230 3832 hovis
1252 3786 1332 3853 pars
1355 3770 1419 3849 est,

115 3889 201 3956 quse
217 3867 306 3957 apud
321 3868 502 3936 Homerum
517 3869 678 3937 mendicis
694 3869 796 3937 datur
811 3873 847 3953 (σ
857 3869 902 3936 44
913 3892 996 3959 sqq,
1014 3870 1102 3956 118),
1119 3892 1191 3937 cum
1214 3891 1300 3959 quae
1323 3869 1422 3958 adipe

115 3975 229 4041 nitent
251 3978 350 4061 gruta
373 3978 409 4042 et
430 3974 575 4042 iucunda
598 3996 672 4042 esse
694 3974 877 4042 videantur
906 3974 961 4060 (cf.
987 3997 1014 4043 e.
1038 3998 1070 4061 g.
1095 3980 1127 4042 Φ
1152 3975 1224 4043 127.
1246 3974 1344 4043 Pind.
1367 3974 1420 4042 Ol.

117 4079 219 4166 1300).
259 4079 310 4147 ita
331 4078 386 4148 hio
408 4101 538 4168 quoque
560 4080 573 4166 (
598 4079 699 4167 ,5118)
724 4085 804 4148 exta
825 4080 925 4168 adipe
946 4079 1063 4167 piguis
1086 4101 1161 4149 esse
1182 4102 1263 4149 sane
1286 4102 1324 4148 eo
1346 4101 1421 4148 oon·

115 4182 204 4268 silio,
217 4189 257 4252 ut
270 4183 460 4269 laudentur,
474 4185 644 4273 expressis
659 4185 774 4254 verbis
790 4184 957 4252 dicuntur.
981 4206 1122 4272 quarum
1134 4207 1245 4254 rerum
1256 4184 1421 4253 rationem

115 4288 296 4376 neglegere
325 4313 390 4357 non
421 4289 504 4358 licet
533 4290 566 4357 ei
596 4290 712 4380 quiet
739 4289 875 4357 fabulae
898 4310 1034 4357 sensum
1055 4289 1254 4377 intellegere
1277 4295 1313 4357 et
1334 4310 1421 4378 quae

118 4399 305 4482 sequuntur
338 4401 430 4463 recte
462 4395 685 4484 interpretari
718 4393 814 4463 velit.
858 4416 977 4483 nempe
999 4393 1115 4462 Iovem
1146 4417 1187 4461 ex
1217 4394 1315 4482 adipe
1345 4416 1420 4462 oon·

117 4506 233 4586 specta
256 4499 512 4568 aestimatorum
535 4522 610 4568 esse
633 4504 751 4589 sperat
772 4499 995 4568 Prometheus
1019 4520 1103 4589 quse
1126 4498 1224 4586 adipe
1248 4503 1419 4585 tegentur,

119 4609 312 4691 spreturum
333 4610 487 4673 ventrem
507 4605 615 4689 bovis,
648 4605 705 4694 qui
736 4612 848 4674 tamen
879 4605 1043 4694 optimam
1074 4603 1170 4672 bovis
1193 4610 1325 4692 partem
1346 4626 1422 4672 aon·

119 4708 217 4777 tinet.
262 4732 324 4779 nec
345 4713 441 4779 errat
462 4710 693 4780 Prometheus.
736 4710 893 4800 Iuppiter
914 4709 1013 4792 enim,
1042 4709 1101 4777 uhi
1123 4713 1159 4776 et
1180 4708 1321 4799 adipem,
1356 4731 1423 4800 qua

118 4811 269 4899 illicitur,
285 4822 322 4882 ct
344 4819 510 4900 ventrem,
525 4838 547 4885 a
570 4839 634 4906 quo
648 4816 819 4900 obhorret,
838 4814 1024 4903 conspexit,
1040 4813 1233 4883 Promethei
1247 4815 1423 4884 consilium

121 4917 221 5007 plsrm
235 4920 427 5010 perspicere
450 4920 516 4988 sibi
537 4921 643 5008 visus,
658 4921 783 4990 leviter
803 4943 878 4989 eum
900 4920 1064 5009 increpat,
1088 4920 1165 4988 dolo
1187 4942 1284 5010 quem
1306 4928 1425 4990 conus
