3659 5509
783 465 824 537 11

147 643 271 712 mentis
294 667 378 734 opus
398 665 474 713 esse
501 665 568 712 non
589 651 682 733 puto.
728 666 793 735 quo
815 644 912 714 modo
934 667 991 715 ros
1012 668 1050 715 se
1072 644 1212 730 habeat,
1242 643 1455 715 Harmannus

149 748 282 838 (opVI
295 750 370 838 176)
391 750 573 839 perspexit,
597 774 695 840 quem
709 750 868 840 Meyerus
890 774 1021 841 quoque
1042 752 1139 842 sequi
1161 750 1313 820 videtur:
1336 775 1454 841 nempe

149 856 241 944 apud
261 855 487 925 Herodianum
510 856 607 925 varia
630 857 800 946 scriptura
822 857 983 941 traditur,
1007 880 1093 947 qnae
1115 857 1151 924 in
1173 857 1288 946 aliqua
1310 857 1458 926 editione

148 961 227 1045 fuit,
251 959 396 1029 scilicet:
428 964 551 1047 ταύτην
566 999 611 1011 -
628 966 713 1041 Ζεὺς
736 965 840 1049 δήσας
861 963 912 1030 ἀλ.
929 1001 972 1012 -
989 965 1126 1049 δεσμοῖς
1147 961 1332 1047 ἀργαλέοις,
1354 961 1458 1048 μέσον

149 1068 180 1134 δ.
204 1091 234 1135 κ.
257 1066 413 1146 έλάσσαςι
443 1066 630 1149 mohalla,
655 1067 715 1136 sed
738 1090 780 1135 ne
802 1067 941 1134 mirifice
963 1067 1106 1156 quidem.
1152 1090 1258 1157 nequa
1280 1067 1388 1154 igitur
1409 1067 1458 1136 la·

148 1194 236 1240 euna
257 1178 337 1241 ante
359 1195 391 1238 v.
411 1172 473 1239 521
499 1171 690 1253 statuenda,
724 1194 831 1261 neque
853 1194 974 1241 versus
997 1180 1176 1261 sequentes
1199 1172 1320 1261 quihus
1343 1172 1459 1242 fabula

149 1276 342 1345 Promethei
373 1276 554 1364 exponitur
579 1276 772 1344 removendi
794 1282 884 1346 sunt.
923 1279 1006 1345 haec
1024 1278 1065 1345 de
1087 1278 1264 1345 verborum
1278 1276 1354 1346 fide.
1391 1278 1459 1345 iam

149 1382 194 1451 ad
227 1382 541 1471 interpretationem
575 1406 630 1451 vv.
664 1382 765 1465 salsa
799 1381 1033 1469 aggredimur:
1076 1382 1197 1449 ‘vinxit
1232 1389 1345 1451 autern
1377 1382 1458 1451 Pro·

149 1488 316 1556 metheum
333 1487 488 1571 vinculis,
513 1510 598 1575 quae
620 1488 788 1576 perfringi
810 1510 876 1555 non
898 1487 1092 1577 potnerunt’
1103 1487 1139 1573 ¹).
1172 1488 1213 1556 de
1229 1489 1342 1576 priore
1356 1510 1459 1557 versu

148 1593 241 1680 (521)
264 1592 491 1678 intellegendo
514 1592 683 1661 dubitatio
706 1593 801 1661 nulla
823 1599 886 1661 est
923 1615 1047 1679 magna
1062 1598 1175 1661 autem
1192 1599 1247 1660 est
1260 1595 1350 1661 inter
1365 1594 1458 1661 viros

148 1697 267 1765 doctos
290 1698 523 1766 controversia
544 1698 585 1765 de
608 1697 718 1766 alteru
742 1720 843 1766 versu
866 1697 1134 1786 interpretando.
1179 1696 1222 1766 G.
1244 1697 1459 1767 Hermannus

147 1801 214 1890 (op.
239 1802 292 1870 VI
316 1802 404 1887 176),
437 1802 686 1872 Schoemannus
718 1804 846 1890 (comm.
870 1802 998 1891 Theog.
1019 1804 1084 1872 207
1107 1803 1183 1871 adn.
1206 1803 1251 1890 3),
1284 1803 1457 1871 Prellerus

146 1907 385 1996 Robertnsque
407 1907 526 1997 (myth.
549 1909 624 1995 gr.⁴
645 1908 665 1976 I
687 1909 730 1977 99
753 1908 829 1977 adn.
853 1909 887 1996 8)
918 1909 1021 1976 etiam
1050 1909 1112 1976 hoc
1133 1930 1237 1975 versu
1259 1907 1301 1976 de
1322 1908 1456 1978 Prome-

147 2012 228 2080 theo
242 2012 355 2080 vincto
371 2013 426 2100 agi
443 2020 590 2082 censent.
629 2014 783 2096 ‘vincula
808 2013 974 2103 inquiunt,
999 2013 1127 2081 mediae
1149 2012 1321 2082 columnae
1336 2013 1458 2083 infixae

148 2119 251 2185 sunt'.
289 2118 495 2186 subaudiunt
517 2119 604 2186 enim
623 2118 850 2198 ἀλακτοπέδας
868 2120 925 2187 vel
944 2120 1089 2205 deoperte
1111 2140 1184 2186 cum
1199 2118 1303 2187 verbo
1318 2118 1460 2198 έλάσσας

148 2223 388 2310 coniungenda.
412 2224 572 2313 Meyerus
592 2225 626 2310 (l.
642 2224 664 2290 l.
677 2247 733 2313 pg.
747 2225 805 2309 34)
820 2226 956 2310 δεσμοῖς
977 2223 1169 2309 ἀργαλέοισι
1193 2223 1459 2310 coniungendum

148 2350 224 2396 esse
252 2351 324 2395 oum
347 2329 497 2411 ἐλάσσας,
531 2328 775 2418 ἀλυκτοπέδῃσι
808 2351 882 2397 cum
915 2332 996 2415 δῆσε
1020 2328 1155 2397 statuit.
1201 2351 1298 2418 quern
1325 2351 1459 2399 sensum

149 2433 262 2500 inesse
300 2433 386 2500 velIt
428 2433 542 2502 verbis
577 2437 713 2520 δεσμοῖς
734 2433 938 2519 ἀργαλέοισι
972 2433 1114 2513 έλάσσας
1149 2438 1206 2518 (sc.
1239 2435 1349 2522 πίονα)
1392 2456 1458 2502 non

148 2538 311 2626 explicat,
350 2546 463 2607 tamen
503 2539 576 2607 fere
616 2539 705 2607 idem
746 2537 787 2606 de
829 2540 890 2607 hoc
924 2560 1026 2606 versu
1059 2545 1162 2628 atque
1195 2539 1300 2608 ceteri
1330 2539 1458 2607 sentire

147 2643 302 2711 videtur:
324 2643 558 2712 Prometheum
578 2644 752 2711 vinctum
771 2665 846 2712 esse
864 2643 991 2730 duplici
1009 2644 1142 2711 ratione
1157 2650 1291 2732 poetam
1305 2666 1457 2713 narrare.

148 2771 256 2837 neque
290 2748 394 2817 aliter
426 2749 470 2816 H.
501 2748 709 2816 Schmidtius
742 2748 837 2836 (diss.
867 2748 983 2836 philol.
1013 2748 1155 2816 Halens.
1185 2748 1251 2816 vol.
1278 2748 1351 2817 XII
1380 2750 1457 2837 127)

149 2876 284 2922 versum
316 2853 473 2942 explicat.
502 2893 536 2903 -
566 2859 661 2922 reeta
690 2860 802 2923 autem
833 2853 1073 2941 interpretatio
1102 2851 1293 2920 iamdudum
1322 2855 1459 2944 prolata

148 2964 205 3026 est
220 2981 240 3027 a
253 2957 434 3027 Welckero
447 2959 503 3043 (A.
514 2958 557 3026 D.
570 2958 628 3025 III
642 2959 730 3044 193),
754 2982 851 3048 quem
874 2958 983 3027 secuti
1007 2963 1086 3026 sunt
1109 2956 1134 3026 J
1135 2957 1255 3026 ahnius
1278 2960 1457 3044 (archaeol.

147 3070 218 3150 τῖς.
243 3064 327 3132 1858
348 3087 406 3152 pg.
419 3063 507 3151 165),
530 3062 668 3131 Peleius
691 3063 779 3149 (ed.¹
802 3063 912 3146 1861),
930 3063 1232 3150 Furtwaenglerus
1255 3063 1349 3148 (ibid.
1374 3065 1459 3132 1895

147 3191 203 3255 pg.
213 3168 304 3253 225),
316 3167 459 3236 Bathins
471 3168 721 3256 (prolegomena
732 3191 788 3256 pg.
801 3167 866 3255 94).
891 3190 998 3256 neque
1015 3169 1111 3251 enim,
1123 3190 1196 3235 cum
1208 3167 1306 3237 iuxta
1321 3169 1458 3237 verbum

146 3273 288 3351 ἐλάσσας
310 3273 525 3341 accusativus
548 3274 614 3339 iam
638 3277 750 3340 exstet
766 3275 825 3357 (sc.
839 3274 979 3340 verbum
992 3275 1116 3358 πίονα),
1139 3272 1214 3340 iure
1229 3273 1318 3342 alius
1334 3274 1458 3363 aliquis

147 3378 363 3445 accusativus
392 3377 580 3464 suppletur.
626 3377 655 3443 si
683 3376 788 3445 verba
815 3381 912 3444 κίονα
935 3377 1075 3456 ἐλάσσας
1101 3378 1192 3445 inter
1214 3399 1251 3445 se
1274 3378 1457 3466 coniungis,

148 3482 251 3549 ctiam
268 3481 412 3549 alterum
434 3482 521 3571 quod
538 3481 679 3548 dicimus
698 3482 864 3549 obiectum
879 3482 975 3549 verbi
990 3481 1132 3560 έλάσσας
1146 3487 1282 3550 exstare
1298 3489 1457 3571 apparet:

147 3592 203 3654 cst
231 3586 437 3655 adiectivum
459 3586 573 3672 μέσον,
606 3585 695 3674 quod
726 3585 770 3653 ad
792 3585 980 3672 Προμηθέα
1009 3592 1152 3674 spectat.
1195 3587 1300 3673 μέσον
1321 3609 1362 3654 ne
1385 3608 1458 3654 cum

148 3713 187 3757 eo
209 3690 299 3780 quod
328 3696 382 3758 est
409 3695 508 3758 alona
536 3691 770 3777 coniungatur,
802 3691 1007 3778 interposita
1034 3690 1285 3779 praepositione
1314 3692 1370 3757 διὰ
1398 3690 1458 3756 im·

147 3795 293 3882 peditur,
318 3817 404 3884 quae
427 3796 626 3863 adverbum
643 3794 747 3881 μέσον
770 3796 948 3883 οροολελ).
982 3795 1160 3880 sicigitur
1183 3793 1288 3863 verba
1310 3793 1400 3861 inter
1421 3816 1458 3862 se

148 3899 378 3987 coniungenda
411 3906 510 3967 sunt:
545 3902 601 3967 διδ
629 3899 733 3985 μέσον
757 3898 944 3986 Προμηθέα
966 3902 1093 3983 ξέλασσε
1114 3903 1227 3982 κίονα,
1262 3899 1294 3967 h.
1318 3920 1346 3968 e.
1371 3897 1458 3987 ‘palo

147 4003 317 4092 percussit
345 4004 491 4072 medium
513 4002 705 4073 Promethei
729 4005 872 4091 corpns'.
928 4006 1040 4073 restat
1068 4010 1108 4071 ut
1129 4004 1234 4073 verba
1270 4008 1458 4092 quaesunt

147 4110 283 4193 δεσμοῖς
296 4108 488 4194 ἀργαλέοισι
503 4130 568 4197 quo
583 4112 739 4198 spectent
751 4109 946 4197 explicetur.
971 4115 1074 4197 atque
1083 4109 1158 4197 ipsa
1167 4108 1347 4176 verborum
1353 4109 1460 4175 forma

148 4235 221 4279 cum
244 4214 347 4281 verbo
370 4213 615 4301 ἀλυκτοπέδῃσι
638 4236 678 4282 ea
701 4213 933 4299 coniungenda
955 4235 1031 4281 esse
1053 4217 1205 4301 apparet
1244 4212 1347 4279 simili
1362 4212 1459 4279 modo

148 4317 239 4405 apud
251 4316 459 4406 Aeschylum
480 4318 669 4386 invenimus
685 4318 768 4386 haec
790 4318 984 4386 coniuncta:
1009 4318 1243 4403 ἀδαμαντίνων
1264 4317 1397 4401 δεσμῶν
1420 4314 1458 4383 έν

147 4422 327 4508 ἀρρήκτοις
347 4422 464 4502 πέδαις
486 4422 610 4507 (Prom.
634 4447 666 4490 v.
690 4423 735 4506 6),
767 4421 886 4490 deinde
914 4423 950 4490 in
975 4422 1172 4509 anthologia
1193 4419 1351 4487 Palatina
1373 4419 1458 4507 (XII

149 4525 227 4613 160)
251 4578 258 4592 .
283 4577 324 4595 ..
356 4533 500 4615 χαλεπῆς
532 4530 657 4613 δεσμὸν
689 4528 927 4612 ἀλοκτοπέδης.
984 4527 1071 4615 quod
1112 4533 1255 4613 utroque
1289 4524 1362 4592 loeo
1394 4546 1459 4592 vox

241 4704 269 4774 1)
287 4704 330 4760 De
350 4721 416 4760 rore
435 4701 628 4774 ‘dicasmuta'
649 4704 683 4759 cf.
704 4719 774 4774 qnae
793 4703 845 4760 Gu.
864 4703 981 4760 Schulae
998 4703 1125 4772 exposuit
1149 4702 1177 4758 in
1197 4700 1299 4757 Kuhnil
1318 4700 1456 4756 annulinus

145 4793 199 4848 vol.
218 4792 337 4848 XXVIII
356 4798 417 4863 280,
444 4794 491 4861 qui
517 4792 590 4863 quod
616 4792 652 4848 ad
677 4792 935 4862 iuterpretationem
964 4807 1091 4847 versuum
1116 4793 1215 4848 attinet
1238 4788 1458 4862 Interpunctlone

145 4879 272 4937 adhibita
289 4880 403 4938 eandem
423 4880 546 4937 Indicare
564 4882 672 4937 ridetur
691 4898 772 4952 qnam
792 4881 885 4937 statim
904 4879 1053 4950 proferam.

238 4971 266 5039 2)
284 4970 327 5026 De
344 4971 501 5042 postposita
519 4970 726 5041 praepositione
745 4969 795 5026 διὰ
814 4968 850 5026 cf.
869 4969 922 5040 Op.
941 4972 995 5025 v.3
1015 4964 1049 5023 δν
1069 4985 1098 5023 τε
1117 4967 1175 5026 διὰ.
