3659 5509
1044 389 1086 458 16

414 568 564 637 homines
575 572 804 655 comparatum
825 587 899 634 esse
923 564 1032 633 credit
1053 571 1165 633 tamen
1188 565 1348 653 gavisus:
1372 563 1399 634 (b
1420 566 1538 650 πέπον,
1558 569 1605 648 ὡς
1619 567 1720 655 ἑτερο

414 677 519 760 {ritem
540 673 719 739 διεδάσσαο
741 682 870 757 μοίρας.
905 670 1023 754 ,nimis
1047 675 1174 758 aperte,
1198 670 1319 759 iuquit,
1351 671 1489 740 deorum
1510 679 1629 761 partes
1651 696 1719 742 sus

414 778 545 867 cepisti,
568 776 626 865 qui
647 775 796 862 tegmine
819 774 935 842 oblato
959 774 1218 864 quidpsrtibus
1242 776 1457 844 contineatur
1479 780 1640 864 detegere
1656 800 1718 845 ma·

412 882 467 969 gis
489 881 639 949 videaris
662 901 760 968 quam
784 880 926 948 celare.“
951 880 1039 947 hunc
1060 880 1134 949 fere
1158 902 1291 949 sensum
1314 879 1426 950 inesse
1447 905 1479 949 v.
1503 882 1570 949 544
1591 881 1718 951 duabus

411 986 514 1055 rebus
546 990 702 1074 apertum
732 983 782 1051 fit.
846 985 991 1073 primum
1023 984 1138 1053 Iovem
1171 1007 1252 1054 vera
1284 985 1393 1074 decipi
1422 985 1551 1055 indicat
1582 988 1717 1055 verbum

413 1091 649 1177 ἐξαπαφίσκων
677 1090 722 1178 (v.
747 1088 836 1177 537),
869 1090 959 1179 quod
981 1088 1128 1158 Guietus
1150 1090 1238 1158 male
1271 1090 1305 1158 in
1332 1090 1554 1177 ἐξακαφήσων
1575 1093 1719 1161 mutavit

411 1196 525 1282 (uotae
554 1195 588 1263 iu
618 1195 699 1263 Hes.
732 1218 764 1283 p.
789 1193 876 1281 178).
940 1194 1060 1263 deinde
1095 1195 1162 1262 nisi
1197 1218 1277 1264 vere
1311 1195 1524 1284 deciperetur
1556 1195 1718 1286 Iuppiter,

410 1301 514 1370 verbo
535 1299 723 1387 κερτομέων
755 1300 800 1386 (v.
824 1299 902 1387 545)
931 1322 1051 1368 sensus
1081 1300 1182 1389 plane
1211 1300 1325 1369 nullus
1353 1301 1494 1369 inesset.
1539 1301 1595 1370 cui
1616 1303 1717 1370 verbo

294 1416 298 1423 '
410 1405 593 1475 cavillandi
616 1405 669 1473 vis
692 1404 792 1488 inest,
809 1426 918 1494 neque
941 1427 1022 1473 vero
1045 1405 1262 1474 cavillatione
1284 1405 1338 1474 uti
1360 1405 1449 1474 solet
1471 1408 1588 1495 quise
1612 1406 1717 1496 decipi

411 1510 600 1597 intellegat.
653 1515 689 1577 at
725 1509 850 1597 optime
878 1509 965 1577 hanc
998 1511 1034 1577 in
1066 1510 1383 1599 interpretationem
1414 1511 1584 1600 quadrant
1617 1513 1719 1580 verba

409 1613 457 1703 ἡκ
490 1616 704 1703 ἐπιμειδήσας
735 1613 778 1682 de
800 1613 1001 1683 Prometheo
1031 1614 1123 1683 dicta
1143 1616 1289 1701 (vett).
1334 1639 1374 1684 ex
1397 1616 1506 1704 ipsius
1526 1615 1622 1684 Iovis
1645 1639 1717 1684 ver·
1806 1661 1807 1668 .

408 1720 463 1790 bis
486 1723 533 1805 (v.
556 1719 635 1806 544)
656 1719 878 1788 Prometheus
908 1742 946 1788 se
975 1742 1014 1788 eo
1044 1743 1118 1788 esse
1140 1727 1381 1809 perventurum
1404 1743 1469 1808 quo
1493 1723 1640 1788 animum
1670 1722 1717 1789 in·
1807 1785 1808 1810 ,

407 1826 567 1895 tenderat
587 1824 769 1912 intellegit.
814 1825 968 1893 subridet
991 1826 1098 1913 igitur
1120 1849 1227 1914 neque
1251 1825 1320 1893 doli
1339 1825 1467 1894 oblitus
1481 1825 1597 1894 Iovem
1619 1850 1718 1915 quam

408 1931 495 2000 velit
516 1936 648 2019 partem
669 1935 710 1997 ut
733 1936 845 1998 sumat
866 1937 989 1998 monet.
1024 1931 1142 1999 videas
1166 1952 1300 2019 quaeso,
1317 1937 1445 2019 quanta
1461 1937 1536 2000 arte
1547 1931 1717 1999 Hesiodus

407 2042 536 2104 utatur.
590 2056 689 2124 quam
719 2035 805 2103 bene
836 2035 902 2102 toti
932 2035 1006 2103 loco
1037 2036 1286 2103 accommodata
1318 2042 1398 2103 sunt
1430 2036 1534 2104 verbs
1564 2035 1628 2104 illa
1651 2040 1718 2103 Ζεῦ

409 2143 544 2208 κύδιστε
559 2139 692 2225 μέγιστε
706 2145 799 2207 θεῶν
811 2139 1039 2227 ἀειγενετάαν,
1051 2163 1137 2230 quae
1148 2140 1381 2209 verecundiam
1392 2148 1717 2228 summampraeten·

410 2247 494 2314 dunt
510 2245 552 2313 ab
565 2244 673 2333 coqui
688 2245 839 2333 loquitur
852 2245 1118 2333 plancalienam.
1146 2246 1244 2313 immo
1265 2245 1411 2313 irrident
1422 2245 1545 2330 Iovem,
1563 2246 1621 2335 qui
1636 2245 1718 2312 Pro·
1808 2275 1809 2280 ¹

408 2351 584 2446 matheum
601 2372 683 2418 vera
704 2349 908 2417 verecundia
930 2351 982 2418 uti
1003 2341 1172 2440 opinetur.
1218 2352 1299 2419 haec
1322 2357 1377 2419 est
1399 2373 1481 2419 vera
1503 2351 1623 2435 ironia,
1651 2372 1719 2438 qus

409 2456 467 2545 qui
499 2461 618 2523 utatur
649 2454 750 2543 plane
782 2455 987 2523 contrarium
1019 2456 1103 2524 dicit
1134 2465 1236 2545 atque
1268 2456 1379 2525 dicere
1411 2456 1554 2523 videtur.
1582 2493 1625 2505 -
1657 2455 1718 2523 sed

409 2566 590 2650 antequam
621 2559 665 2626 ad
696 2559 875 2646 sequentia
897 2560 1146 2648 aggrediamur,
1177 2561 1353 2630 redeamus
1382 2582 1519 2629 necesse
1541 2566 1596 2628 est
1617 2560 1662 2628 ad
1684 2584 1716 2630 v.

407 2665 482 2750 543,
505 2686 569 2753 quo
594 2686 695 2752 saepe
717 2663 785 2731 iam
809 2664 1025 2734 offenderunt
1047 2666 1114 2734 viri
1137 2666 1228 2735 docti
1251 2673 1391 2755 propter
1412 2678 1437 2739 f
1467 2666 1659 2753 neglectum
1682 2672 1717 2732 et

409 2776 549 2858 propter
571 2768 744 2837 insolitam
766 2771 960 2840 Promethei
982 2772 1229 2840 allocutionem.
1275 2771 1476 2840 coniecturis
1506 2777 1717 2858 temptarunt

406 2876 516 2944 locum
553 2873 630 2959 alii,
672 2896 756 2963 quos
788 2876 959 2944 Rzachius
1000 2877 1120 2960 affert,
1162 2876 1374 2945 Hermaunus
1411 2876 1446 2943 ni
1483 2875 1585 2943 fallor
1624 2875 1716 2943 solus
1809 2867 1810 2896 ³

410 3001 546 3048 versum
569 2980 805 3048 removendum
827 3003 901 3049 esse
925 2982 1066 3049 censuit.
1112 3003 1178 3069 qua
1208 2986 1321 3049 autem
1352 3002 1390 3048 re
1411 2980 1591 3068 praecipue
1613 2978 1714 3048 addu-

407 3106 530 3169 camur,
561 3090 601 3151 ut
632 3108 766 3153 versum
790 3086 854 3155 543
886 3086 1130 3175 interpolatum
1159 3108 1235 3154 esse
1264 3084 1457 3167 iudicemus,
1488 3107 1595 3173 neque
1628 3084 1714 3152 alius

407 3212 515 3278 neque
530 3189 745 3259 Hermannus
769 3190 865 3276 dixit,
887 3191 943 3279 qui
968 3213 1040 3259 eum
1065 3191 1206 3259 maxime
1230 3190 1444 3278 Theogoniae
1468 3190 1512 3259 ad
1534 3188 1713 3277 ‘strophas'

409 3294 617 3363 reducendae
649 3317 751 3364 causa
783 3297 967 3364 removisse
999 3296 1147 3364 videtur.
1191 3296 1288 3385 atqui
1318 3316 1383 3363 non
1416 3295 1523 3362 solum
1546 3296 1630 3361 mira
1652 3300 1713 3378 est,

407 3399 467 3469 sed
490 3422 532 3467 ne
554 3399 746 3468 tolerabilis
768 3400 902 3490 quidem
924 3400 1049 3489 duplex
1063 3400 1257 3469 Promethei
1272 3400 1442 3484 allocutio,
1459 3422 1544 3488 quae
1560 3400 1714 3469 versibus

406 3504 509 3586 54314
531 3504 732 3572 continetur.
776 3506 810 3572 in
834 3506 1062 3594 compluribus
1079 3506 1217 3574 Homeri
1242 3505 1446 3574 carminibus
1468 3526 1554 3593 quae
1576 3511 1715 3593 propter

406 3610 491 3678 hano
522 3631 593 3678 rem
624 3609 765 3699 perlegi,
798 3633 840 3680 ne
871 3634 974 3679 unum
997 3610 1130 3700 quidem
1163 3610 1271 3678 locum
1294 3610 1438 3700 repperi,
1467 3632 1532 3699 quo
1555 3609 1715 3676 allocutio

407 3716 509 3785 etiam
542 3714 576 3782 in
609 3715 754 3784 alterum
788 3717 953 3785 orationis
988 3739 1123 3786 versum
1155 3717 1444 3785 transduceretur.
1497 3735 1627 3803 semper
1649 3736 1714 3780 uno

409 3842 512 3888 versu
535 3819 695 3887 allocutio
719 3820 919 3889 absolvitur.
964 3843 1071 3910 neque
1101 3821 1197 3889 verbi
1228 3817 1384 3888 ὧτέκον
1413 3819 1503 3907 apud
1533 3818 1715 3886 Homerum

405 3924 489 3996 talis
521 3929 635 3992 exstat
666 3946 749 3992 usus
783 3924 894 4013 qualis
927 3925 993 3994 hic.
1046 3948 1210 4013 nusquam
1234 3927 1322 3993 enim
1344 3933 1383 3992 ut
1405 3925 1459 3993 hic
1480 3923 1714 3992 allocutionem

406 4029 525 4098 statim
552 4029 716 4117 sequitur,
749 4030 808 4097 sed
841 4034 958 4098 exstat
980 4030 1097 4098 autin
1119 4031 1194 4119 ipso
1217 4030 1381 4098 orationis
1403 4029 1513 4112 initio,
1541 4033 1582 4096 nt
1604 4028 1714 4115 ipsum

406 4135 454 4204 sit
467 4157 529 4224 pro
543 4133 756 4217 allocutione,
775 4140 836 4202 aut
848 4134 958 4203 media
973 4134 1007 4202 in
1024 4135 1177 4204 oratione
1190 4136 1337 4224 positum
1350 4134 1450 4222 longe
1462 4132 1714 4203 antecedentem

407 4239 642 4308 allocutionem
677 4239 811 4327 excipit.
857 4239 961 4308 etiam
992 4240 1035 4309 ab
1058 4241 1200 4309 Hesiodi
1223 4241 1465 4309 consuetudine
1487 4237 1647 4306 allocutio
1679 4238 1714 4303 in

408 4344 554 4413 alterum
588 4343 752 4413 orationis
785 4366 923 4412 versum
956 4345 1121 4434 producta
1151 4346 1264 4414 aliena
1296 4352 1360 4415 est.
1406 4345 1559 4413 conferes
1590 4363 1714 4431 quaeso

407 4447 533 4536 Theog.
557 4472 612 4518 vv.
636 4450 712 4535 548,
746 4449 820 4534 644,
844 4450 928 4535 655,
959 4450 1105 4540 Operum
1128 4476 1183 4520 vv.
1205 4453 1259 4536 27,
1290 4452 1344 4534 44,
1368 4452 1420 4535 54,
1443 4452 1518 4535 207,
1541 4449 1616 4532 248,
1639 4449 1713 4532 274,

406 4552 487 4639 286,
520 4554 615 4622 Scuti
638 4578 693 4622 vv.
718 4555 770 4637 78,
796 4555 869 4639 103,
893 4555 968 4636 118,
991 4557 1066 4638 327,
1089 4557 1155 4624 350
1176 4557 1248 4644 (ubi
1277 4562 1392 4625 exstat
1414 4557 1553 4624 verbum
1574 4554 1713 4641 πέπον),

405 4657 482 4724 446.
527 4657 741 4748 soli'l'heog.
764 4683 819 4728 vv.
843 4659 1147 4747 5431451559760
1174 4668 1310 4730 acerto
1333 4684 1398 4730 usu
1428 4660 1613 4729 discedunt.
1654 4657 1714 4728 sed

406 4762 539 4831 accedit
571 4763 613 4832 do
649 4764 758 4832 altero
790 4786 903 4850 versu,
936 4766 1026 4854 quod
1057 4768 1195 4846 ἄνακτες
1234 4789 1371 4856 quorum
1401 4765 1558 4855 princeps
1589 4763 1715 4831 dieitur

404 4865 639 4938 Prometheus
673 4870 758 4938 nulli
789 4879 888 4959 sunt,
920 4872 1010 4942 alter
1039 4871 1192 4958 concidit,
1225 4896 1297 4942 cum
1330 4871 1476 4962 Operum
1499 4895 1531 4941 v.
1553 4870 1598 4938 54
1627 4892 1715 4939 eom·
