3659 5509
1024 428 1066 496 62

391 605 443 671 uti
466 604 682 690 comprobare
707 602 843 689 6666166
867 601 979 669 666611
1003 624 1127 668 66666.
1174 601 1337 669 accedunt
1365 624 1417 669 66
1440 601 1572 689 661166
1594 600 1717 668 161166

392 730 512 775 versus
533 707 633 787 17411
656 707 776 794 661166
799 706 969 774 Hesiodus
991 707 1128 774 fabulae
1151 714 1269 773 auctor
1293 708 1541 794 comprobatur.
1585 712 1715 794 aperte

393 811 479 879 enim
509 815 545 878 et
575 811 641 898 ipsi
672 811 809 878 666166
841 811 936 878 illam
967 811 1110 877 Hesiodi
1147 811 1313 878 rationem
1343 810 1476 878 dicendi
1509 811 1715 891 ostendunt,

392 939 491 1004 quam
524 915 660 1002 saepius
693 922 729 982 et
762 915 802 982 16
836 915 993 982 versibus
1029 916 1126 995 10617
1162 915 1293 982 16666
1327 922 1469 1001 agentes
1504 914 1713 983 deteximus.

392 1026 494 1108 atquc
522 1020 640 1086 horum
663 1043 793 1108 quoque
823 1043 981 1086 versuum
1016 1019 1179 1086 simillimi
1209 1026 1347 1088 exstant
1379 1022 1414 1087 in
1436 1018 1619 1107 Operibus,
1661 1041 1714 1086 66.

392 1147 513 1193 versus
535 1125 646 1209 27011,
673 1125 793 1212 661166
818 1124 932 1191 66166
956 1124 1051 1191 6616
1075 1131 1176 1213 61666
1199 1124 1253 1192 116
1277 1146 1370 1192 6666
1393 1124 1502 1213 166166
1525 1125 1566 1192 16
1589 1129 1714 1192 661616

392 1252 459 1317 666
481 1230 576 1314 viget
598 1230 800 1297 sententiam
824 1230 971 1317 exponit.
1017 1231 1392 1317 616666166666273
1424 1252 1460 1297 se
1482 1229 1599 1297 Iovem
1627 1250 1712 1316 pro·

389 1334 575 1401 bibiturum
611 1356 685 1401 esse
720 1355 857 1422 sperare
892 1333 992 1415 dicit,
1035 1334 1210 1422 quominus
1245 1356 1330 1422 quaa
1361 1335 1481 1402 timeat
1514 1334 1616 1416 fiant,
1653 1332 1714 1400 ita

391 1460 494 1506 versu
509 1439 572 1504 175
594 1437 712 1506 futura
734 1443 887 1526 tempora
909 1439 1049 1506 meliora
1071 1440 1143 1507 1666
1167 1462 1203 1506 66
1226 1461 1365 1527 6666666
1387 1438 1525 1507 indicat.
1569 1437 1712 1506 accedit

393 1543 480 1632 quod
503 1548 578 1610 tota
601 1543 641 1610 de
664 1542 776 1610 166666
798 1550 913 1610 661616
937 1544 1124 1631 1166616116
1148 1544 1273 1631 661166
1295 1543 1443 1632 quadrat
1469 1544 1505 1609 in
1527 1566 1583 1624 ea,
1615 1563 1713 1630 6666

393 1647 563 1715 Hesiodus
586 1648 621 1714 in
643 1649 795 1734 proxima
817 1648 974 1716 carminis
995 1656 1095 1736 parte
1119 1649 1159 1715 de
1182 1649 1353 1716 iniustitia
1376 1671 1442 1737 qua
1462 1648 1569 1716 totins
1584 1645 1712 1736 pepuli

393 1752 466 1820 vita
497 1752 532 1818 in
562 1752 658 1838 peius
687 1752 835 1820 vertitur
864 1753 1011 1841 exponit.
1056 1755 1177 1841 quibus
1200 1754 1352 1821 omnibns
1382 1754 1423 1820 de
1452 1752 1564 1821 causis
1586 1753 1710 1820 166666

391 1880 458 1925 666
479 1879 624 1944 666666,
649 1859 728 1945 6616
747 1859 855 1945 16666
870 1858 1054 1926 Hesiodum
1075 1859 1225 1925 fabulam
1248 1859 1393 1947 quinque
1415 1860 1568 1926 aetatum
1583 1856 1710 1945 Operi-

392 1962 455 2029 bus
485 1962 669 2029 inseruisse
699 1985 860 2030 censeam.
906 1964 1097 2030 accuratius
1121 1963 1272 2029 fabulam
1296 1970 1447 2030 tractare
1478 1964 1539 2031 hoc
1567 1961 1642 2029 loco
1671 1962 1712 2027 in

394 2066 504 2134 animo
520 2066 600 2133 mihi
624 2090 690 2134 non
706 2074 769 2134 est.
806 2068 868 2134 hoc
882 2075 1017 2135 tantum
1032 2067 1165 2134 adicere
1181 2068 1262 2133 mihi
1276 2067 1379 2135 116661
1393 2090 1513 2136 versus
1528 2065 1710 2134 las—169

393 2172 541 2238 fortasse
564 2178 656 2238 recte
679 2194 700 2238 6
721 2171 929 2240 Kirchhoffio
952 2172 1126 2239 removeri.

480 2276 561 2363 Ipse
592 2282 704 2343 autem
736 2277 965 2344 Kirchhoffius
998 2276 1033 2362 (l.
1058 2277 1080 2343 1.
1104 2300 1160 2365 pg.
1183 2278 1239 2363 49)
1274 2284 1309 2344 61
1339 2276 1488 2344 1616166
1520 2275 1562 2342 16
1592 2276 1711 2363 66166

393 2380 532 2447 6611666
559 2388 594 2447 61
621 2381 706 2447 1666
729 2382 770 2448 16
793 2381 939 2470 6616666
969 2382 1140 2449 661611166
1170 2383 1227 2447 661
1257 2382 1430 2469 eidemque
1452 2386 1573 2468 poetae
1604 2378 1709 2447 attri-

392 2485 543 2552 buendas
566 2507 640 2552 esse
663 2486 811 2568 censuit,
841 2506 907 2574 666
931 2486 972 2553 16
995 2509 1031 2552 66
1060 2486 1239 2553 66666166
1262 2509 1368 2553 6666
1391 2486 1432 2553 16
1454 2483 1711 2552 611666161616

394 2590 718 2676 argumentationem
757 2591 926 2657 dubitatio
964 2614 1005 2657 ne
1043 2597 1158 2678 potest
1194 2590 1327 2680 quidem
1360 2590 1534 2657 exsistere.
1592 2589 1710 2676 ipsum

396 2696 482 2762 anim
505 2694 689 2760 Hesiodum
714 2694 916 2762 611616166
940 2695 981 2762 16
1004 2698 1148 2784 6616666
1172 2696 1343 2763 661611166
1368 2694 1534 2782 Operibus
1557 2692 1710 2760 inseruit

394 2800 501 2887 ipsius
533 2799 668 2867 1616166
699 2801 797 2887 primi
831 2823 950 2868 versus
978 2801 1079 2866 alium
1110 2800 1253 2888 6116666
1280 2804 1383 2884 λόγον
1412 2806 1513 2867 66166
1542 2819 1708 2866 66666666

374 2904 532 2985 166661,
564 2904 599 2970 11
623 2904 828 2990 quodnemo
851 2905 951 2972 166116
974 2906 1122 2991 negabit.
1169 2903 1313 2972 11166116
1337 2903 1423 2970 6616
1447 2903 1564 2990 661616
1586 2924 1708 2970 66666·

393 3009 497 3076 116616
530 3009 644 3075 verbis
679 3009 722 3074 ad
760 3009 861 3076 aliam
894 3009 1045 3076 fabulam
1083 3016 1184 3076 antea
1218 3018 1390 3076 narratam
1428 3007 1552 3075 alludit
1588 3010 1705 3095 poeta.

394 3136 473 3200 ergo
496 3114 581 3200 ipsis
603 3113 747 3194 indiciis,
772 3115 893 3201 quibus
909 3114 1093 3182 Hesiodum
1118 3115 1259 3181 alterius
1276 3112 1411 3180 fabulae
1433 3120 1604 3180 auctorem
1628 3133 1707 3180 6666

394 3219 607 3306 6666661666
631 3218 757 3301 616161,
780 3227 978 3305 argumento
1003 3219 1075 3286 iure
1099 3219 1179 3284 mihi
1204 3220 1319 3285 videor
1334 3218 1395 3300 uti,
1419 3217 1508 3306 quod
1527 3217 1571 3285 ad
1587 3222 1706 3283 661666

394 3327 593 3409 argumenta
622 3322 663 3389 de
692 3322 808 3390 fabula
838 3322 967 3409 primae
999 3323 1149 3390 mulieris
1182 3324 1224 3390 ab
1254 3325 1327 3411 ipso
1357 3322 1505 3390 Hesiodo
1533 3320 1705 3410 Operibus

395 3428 525 3495 inserta
547 3427 687 3494 accedit.

480 3531 532 3598 De
547 3529 714 3618 Operibus
729 3530 835 3616 igitur
850 3530 912 3598 hoc
929 3537 1058 3598 statuo:
1083 3554 1184 3597 unum
1203 3536 1239 3598 et
1253 3531 1446 3598 continuum
1462 3551 1594 3598 carmen
1611 3533 1703 3608 sunt,

395 3635 448 3703 661
469 3637 542 3724 1666
557 3635 725 3703 Hesiodus
745 3635 828 3702 duas
847 3636 981 3703 fabulas
1000 3636 1245 3724 mythologicas
1265 3635 1408 3703 inseruit
1416 3638 1448 3718 ¹).
1486 3635 1613 3721 primae
1633 3655 1706 3699 66-

394 3740 490 3809 116616
523 3740 639 3808 161616
673 3763 754 3807 6666
788 3741 830 3807 61
861 3739 936 3827 1666
968 3741 1116 3809 Hesiodo
1150 3747 1320 3822 narratur,
1355 3741 1413 3828 qui
1445 3739 1480 3806 in
1509 3736 1706 3805 Promethei

394 3844 510 3913 161616
534 3844 683 3911 breviter
706 3846 991 3912 commemoranda
1020 3868 1114 3913 6666
1137 3845 1245 3933 166166
1268 3845 1511 3927 narrationem,
1543 3865 1645 3930 quam
1668 3842 1705 3908 in

395 3949 591 4035 Theogonis
612 3949 765 4036 protulit,
789 3950 944 4016 nimirum
968 3950 1120 4017 imitatus
1143 3955 1206 4018 est.
1228 3988 1271 3998 -
1294 3950 1335 4017 de
1357 3949 1489 4017 ratione
1508 3968 1593 4036 quae
1609 3945 1705 4014 16166

395 4052 609 4140 Theogoniae
641 4059 676 4120 et
707 4051 852 4141 Operum
887 4054 1100 4122 narrationes
1133 4055 1174 4122 de
1206 4056 1314 4142 prima
1344 4055 1469 4122 166166
1500 4049 1701 4134 intercedat,

395 4179 500 4245 supra
533 4157 618 4225 satis
651 4158 717 4225 iam
751 4159 883 4225 locutus
919 4181 999 4224 sum.
1050 4157 1263 4245 Theogoniae
1296 4164 1408 4226 antem
1437 4181 1493 4226 vv.
1515 4154 1701 4238 590-612,

396 4263 517 4350 661166
552 4262 630 4329 olim
660 4261 806 4350 Operum
839 4265 991 4330 narratio
1027 4264 1297 4347 concludebatur,
1334 4264 1423 4331 sicut
1455 4258 1703 4346 1616066666

395 4368 546 4435 narratio
570 4368 611 4434 ab
634 4367 782 4436 Hesiodo
805 4367 936 4435 inventi
959 4375 1049 4436 sunt.

487 4559 747 4629 6066161666
771 4577 853 4616 sensu
876 4568 959 4631 atque
978 4564 1090 4619 consilio
1109 4563 1254 4619 6166166
1277 4569 1352 4619 reete
1374 4563 1477 4619 iudicat
1496 4559 1647 4628 Chantcpie
1667 4558 1710 4613 dc.

394 4645 423 4701 la
442 4645 584 4719 Saussaye,
603 4649 736 4703 lehrbuch
754 4649 803 4705 der
820 4650 1108 4721 religionsgeschichtc
1125 4655 1220 4723 (1897)
1239 4653 1264 4707 11
1283 4657 1343 4707 257.
