3659 5509
1025 401 1070 472 42

395 570 507 639 dicere
536 571 668 655 debuit,
703 577 742 637 ut
770 593 851 640 vere
883 572 1007 641 melum
1036 574 1122 641 viris
1148 572 1282 641 dedisse
1308 572 1464 660 Iuppiter
1492 578 1704 639 narraretur.

394 696 455 742 nec
478 675 582 742 solum
602 698 710 742 mores
729 677 879 763 neglexit
895 677 1109 763 Theogoniae
1129 678 1362 765 interpolator,
1387 677 1446 744 sed
1468 676 1571 744 etiam
1586 676 1702 758 vitam,

394 801 491 867 quam
504 781 635 848 mulieri
651 780 725 848 dari
740 802 875 848 necesse
890 787 976 849 erat.
1000 780 1144 869 Operum
1159 788 1261 869 poeta
1280 781 1396 867 igitur,
1413 805 1486 848 oum
1499 781 1702 848 haecomnia

392 885 527 953 silentio
544 886 784 973 praetermissa
804 909 879 953 esse
895 886 1036 969 videret,
1062 893 1097 953 et
1112 886 1264 954 Vulcano
1283 909 1403 953 novum
1422 886 1569 953 officium
1593 886 1700 953 dedit:

390 1012 506 1078 nempe
529 991 687 1080 loquendi
710 991 906 1059 facultatem
928 991 1062 1058 mulieri
1086 992 1186 1073 dare,
1221 999 1273 1073 et,
1306 992 1400 1058 ouius
1423 991 1486 1059 hoc
1508 1013 1590 1058 sane
1614 997 1698 1072 erat,

391 1093 592 1162 Mercurium
624 1096 775 1164 Vulcano
807 1099 844 1163 et
873 1094 1047 1163 Minervae
1082 1096 1269 1179 subiunxit,
1304 1103 1344 1161 ut
1379 1096 1558 1162 secundum
1592 1094 1699 1182 ipsius

392 1205 547 1268 naturam
584 1201 724 1288 primam
768 1200 943 1267 mulierem
986 1199 1135 1268 dolosam
1173 1208 1208 1267 et
1246 1200 1471 1288 impudentem
1508 1198 1696 1285 effingeret

390 1303 493 1371 etiam
524 1305 592 1372 alia
623 1328 660 1372 re
688 1327 752 1372 non
778 1306 884 1372 solum
907 1307 1003 1372 auxit
1025 1305 1271 1385 narrationem,
1304 1328 1401 1392 quam
1425 1327 1500 1372 eum
1526 1326 1567 1371 ex
1591 1302 1697 1371 'Pheo-

391 1409 491 1494 gonia
524 1411 706 1498 sumpsisse
738 1411 957 1494 contendunt,
993 1411 1052 1477 sed
1085 1433 1158 1477 eam
1188 1411 1271 1476 bene
1303 1410 1484 1497 supplevit.
1532 1408 1698 1477 Venerem
1813 1413 1817 1498 J

391 1515 478 1580 enim
501 1515 632 1582 mulieri
656 1515 742 1583 dona
761 1537 846 1603 quae
869 1515 976 1603 ipsius
998 1522 1139 1583 naturae
1155 1514 1360 1602 respondent
1379 1514 1459 1581 dare
1474 1513 1565 1597 fecit,
1589 1513 1697 1580 uthis
1813 1503 1817 1514 '

391 1617 486 1684 donis
509 1620 656 1707 acceptis
678 1619 835 1686 mulieres
859 1620 1010 1687 omnibus
1033 1619 1117 1687 viris
1140 1619 1240 1686 valde
1262 1619 1424 1686 amandae
1447 1624 1571 1685 essent.
1606 1616 1697 1706 quod

390 1721 426 1788 ni
448 1723 575 1790 factum
597 1731 705 1809 esset,
734 1725 834 1793 facile
860 1724 946 1792 viris
970 1726 1092 1791 malum
1115 1747 1136 1791 a
1157 1725 1238 1791 Iove
1261 1724 1310 1790 eis
1334 1730 1562 1810 comparatum
1584 1722 1696 1790 vitare

391 1830 427 1894 et
461 1827 580 1914 fugere
617 1829 745 1897 liceret.
801 1836 839 1896 at
875 1852 916 1897 ne
953 1830 1015 1896 hoc
1052 1829 1185 1918 quidem
1221 1828 1434 1916 Theogoniae
1471 1826 1696 1915 interpolator
1813 1831 1818 1862 ²

392 1930 534 1999 curavit.

477 2034 691 2121 Theogoniae
714 2060 831 2106 versus
854 2037 1027 2105 571-573
1050 2037 1173 2104 iterum
1196 2043 1334 2105 exstant
1357 2036 1392 2103 in
1408 2035 1593 2124 Operibus:
1617 2043 1696 2104 sunt

391 2138 536 2227 Operum
565 2164 685 2210 versus
716 2144 855 2210 70-72.
894 2165 986 2229 ergo,
1010 2143 1177 2230 inquiunt,
1209 2141 1354 2230 Operum
1376 2149 1478 2231 poeta
1500 2141 1696 2229 Theogonis

392 2265 473 2311 usus
497 2250 559 2311 est.
594 2267 684 2313 sane.
712 2248 770 2313 ubi
786 2254 897 2314 autem
914 2250 1053 2315 exstant
1067 2249 1101 2314 in
1118 2246 1307 2335 Operibus?
1340 2254 1477 2314 exstant
1498 2246 1534 2313 in
1557 2268 1598 2314 ea
1619 2269 1695 2314 nar·

391 2349 533 2418 rationis
568 2357 674 2437 parte,
709 2374 806 2440 quam
838 2353 1074 2440 interpolatori
1098 2351 1349 2419 attribuendam
1372 2373 1447 2418 esse
1469 2352 1694 2437 cognovimus,

393 2454 606 2540 Theogoniae
629 2457 784 2524 versibus
807 2479 849 2524 ne
871 2458 975 2525 verbo
998 2457 1131 2545 quidem
1155 2457 1430 2524 commemoratis.
1479 2457 1695 2543 nequeenim

392 2559 515 2626 ceteris
543 2563 751 2647 argumentis
783 2562 844 2629 hoo
874 2569 1005 2646 (versus
1029 2585 1047 2629 e
1071 2561 1264 2648 Theogonis
1295 2562 1437 2627 iteratos
1460 2561 1548 2646 esse)
1572 2561 1696 2629 addere

391 2685 527 2732 necesse
558 2673 642 2747 erat,
674 2673 714 2733 ut
745 2672 852 2733 totam
886 2673 1018 2754 partem
1052 2671 1121 2751 (vv.
1145 2667 1284 2747 69-82)
1317 2688 1389 2732 curn
1418 2664 1695 2733 antecedentibus

391 2768 547 2856 coniungi
575 2792 642 2837 non
665 2793 764 2858 posse
791 2773 1048 2859 comprobarem.
1093 2770 1397 2858 interpolator
1419 2769 1528 2854 igitur
1549 2770 1693 2857 Operum

391 2872 605 2958 Theogoniae
636 2897 754 2943 versus
776 2876 907 2964 aliquot
938 2878 973 2942 in
1001 2899 1095 2942 suum
1124 2899 1221 2942 usum
1244 2874 1421 2941 convertit.
1466 2879 1570 2962 atque
1593 2874 1695 2942 hoco

390 2977 462 3044 loco
485 2978 603 3063 elucet,
619 3002 687 3068 qua
701 2981 833 3048 ratione
855 2981 1081 3069 interpolator
1102 2981 1191 3048 idem
1206 2987 1242 3048 et
1263 2980 1415 3046 imitator
1429 3001 1500 3046 rem
1522 2979 1692 3047 instituat.

390 3105 496 3171 neque
525 3085 612 3151 enim
641 3085 742 3152 ullam
767 3108 925 3152 versuum
957 3085 1226 3153 antecedentium
1253 3085 1418 3151 rationem
1448 3082 1614 3169 adhibuit,
1637 3084 1694 3172 qui

391 3210 464 3256 oum
487 3189 536 3256 eis
559 3212 642 3278 quos
666 3213 683 3258 e
708 3190 901 3277 Theogonis
928 3192 1070 3258 iteravit
1100 3190 1193 3257 nullo
1209 3189 1304 3257 modo
1320 3193 1448 3255 coeunt.
1473 3226 1514 3236 -
1536 3187 1572 3253 in
1587 3189 1693 3277 ipsam

392 3292 536 3381 Operum
560 3295 1040 3382 interpolationem-versus
1063 3296 1192 3363 69-82
1216 3296 1487 3361 dico-versum
1509 3293 1552 3361 76
1575 3300 1694 3381 postca

390 3396 554 3465 insertum
579 3421 653 3466 esse
668 3400 947 3485 cognovimus,nt
962 3424 1119 3468 versuum
1135 3401 1234 3486 73115
1257 3399 1364 3465 locum
1387 3397 1566 3464 obtineret.
1589 3397 1693 3464 Theo

391 3504 492 3587 gonia
520 3510 713 3591 comparata
744 3528 810 3592 qua
840 3506 881 3572 de
911 3528 1014 3573 cansa
1041 3505 1268 3593 interpolatus
1298 3504 1345 3569 sit
1374 3524 1574 3588 cognoscere
1603 3502 1691 3570 licet.

391 3607 545 3675 conferas
562 3609 649 3675 enirn
672 3632 796 3698 quaeso
820 3609 1035 3696 Theogoniae
1065 3634 1096 3677 v.
1109 3611 1172 3677 587
1198 3612 1320 3696 ικόσμῳ
1342 3605 1573 3691 ἀγαλλομένην
1595 3611 1694 3691 ytou-

391 3713 538 3791 ao‘undoe
549 3715 816 3802 ddpcpoaoiuppc’.
849 3715 891 3782 ad
909 3716 981 3783 eius
998 3715 1182 3802 exemplum
1213 3712 1274 3800 Op.
1291 3737 1321 3779 v.
1340 3713 1381 3778 76
1396 3717 1514 3798 aperte
1536 3712 1694 3778 inventus

392 3824 447 3884 est
475 3819 517 3885 ab
550 3819 680 3885 bomine
710 3820 833 3908 aliquo,
864 3820 922 3909 qni
951 3820 986 3885 in
1010 3842 1049 3886 eo
1072 3819 1274 3899 offendebat,
1307 3817 1395 3904 qnod
1421 3816 1456 3881 in
1480 3814 1693 3901 Theogoniae

392 3923 586 3989 narratione
609 3946 716 4011 neque
739 3924 880 3992 Gratiae
903 3947 1011 4014 neque
1034 3924 1148 3991 Horae
1170 3944 1277 4009 neque
1300 3921 1415 3988 Suada
1436 3920 1578 4008 primam
1600 3920 1694 3987 muli-

392 4049 478 4095 erem
503 4034 713 4111 exornarent,
737 4029 797 4096 sed
820 4029 894 4096 sola
916 4029 1078 4107 Minerva,
1102 4028 1138 4094 id
1160 4027 1248 4115 quod
1271 4048 1372 4093 versu
1387 4026 1429 4092 76
1444 4046 1505 4113 pro
1523 4048 1577 4091 vv.
1594 4024 1693 4111 73175

391 4132 530 4199 invento
554 4139 589 4199 et
610 4132 738 4198 inserto
762 4134 931 4218 corrigere
955 4133 1072 4200 voluit.
1091 4170 1132 4181 -—
1149 4132 1184 4197 in
1200 4130 1395 4216 Theogonis
1409 4150 1527 4195 nomen
1545 4128 1693 4197 mulieris
1818 4153 1819 4182 1

391 4260 457 4304 non
481 4242 594 4305 exstat
619 4243 721 4304 —at
747 4238 781 4303 in
806 4237 974 4325 Operibus
998 4243 1121 4305 exstat.
1167 4235 1388 4303 vetustiorem
1410 4234 1518 4319 igitur
1539 4233 1693 4316 indolem,

391 4342 557 4431 inquiunt,
581 4364 663 4430 prae
686 4365 723 4409 se
745 4343 815 4409 fert
831 4341 1046 4428 Theogoniae
1061 4342 1215 4409 narratio
1231 4362 1329 4427 quam
1346 4337 1501 4425 Operum.
1525 4343 1563 4406 at
1578 4360 1695 4404 nomen

390 4445 566 4515 Pandorae
596 4469 726 4535 quoque
756 4447 790 4512 in
814 4447 867 4514 his
890 4448 1045 4514 versibus
1076 4445 1292 4533 interpolatis
1321 4449 1446 4510 exstat.
1478 4442 1626 4530 genuina
1646 4442 1693 4509 fa·

392 4550 471 4619 bula
494 4552 535 4619 de
557 4553 665 4639 prima
688 4551 836 4635 muliere,
861 4574 927 4619 non
951 4552 991 4618 de
1007 4551 1166 4618 Pandora
1188 4550 1271 4635 agit.
1295 4586 1338 4597 —
1361 4548 1397 4614 in
1411 4547 1606 4633 Theogonis
1628 4567 1693 4612 mn-

392 4655 457 4723 lier
479 4657 667 4725 aVulcano
691 4666 726 4724 et
740 4657 895 4724 Minerva
918 4662 1033 4723 creata
1055 4677 1116 4722 neo
1138 4678 1201 4720 non
1228 4659 1350 4730 ornata
1371 4654 1404 4718 in
1431 4652 1619 4719 contionem
1641 4651 1694 4717 de·
1818 4715 1819 4746 ,

393 4784 487 4828 orum
520 4761 751 4849 hominumque
785 4760 992 4850 producitur.
1036 4765 1073 4827 at
1102 4759 1169 4826 iam
1199 4759 1233 4825 in
1256 4757 1448 4825 Promethei
1478 4756 1596 4823 fabula
1621 4776 1694 4823 nar·
1818 4753 1819 4794 ³

396 4867 505 4952 panda
535 4866 608 4968 ipse
638 4864 807 4934 Hesiodus
840 4867 880 4934 de
912 4865 1066 4933 contione
1098 4863 1158 4931 illa
1188 4886 1253 4930 non
1287 4863 1343 4949 agi
1375 4861 1499 4929 leviter
1527 4860 1696 4930 indicavit
1818 4921 1819 4970 3
