3659 5509
765 461 808 532 81

122 635 214 708 hene
232 638 472 730 quaestionem,
496 661 583 730 quae
605 660 678 706 eum
701 637 910 706 difficillimis
931 641 966 706 et
983 636 1194 725 gravissimis
1211 636 1252 706 de
1266 635 1432 705 Telchini·

121 743 189 815 bus
211 745 465 836 quaestionibus
486 745 724 837 mythologiois
747 750 822 813 arte
844 744 1021 813 coniuncta
1043 748 1105 829 est,
1131 743 1301 833 attingere
1325 765 1428 812 ausus

122 874 192 922 non
215 876 297 922 sum.

213 959 249 1044 2)
271 958 403 1028 Versus
424 958 599 1026 526-534
621 956 773 1047 quamvis
802 956 880 1026 aliie
904 954 1080 1025 decausis
1109 962 1211 1045 atque
1240 977 1301 1043 ego
1325 954 1428 1023 inter·

120 1062 272 1151 polatori
294 1064 395 1132 alicui
417 1064 653 1132 attribuendus
676 1068 711 1131 et
732 1062 953 1130 removendos
976 1084 1051 1131 esse
1074 1067 1202 1131 censet.

213 1170 246 1255 3)
276 1168 351 1252 Qua
380 1170 422 1238 de
456 1192 559 1238 causa
586 1169 742 1257 Iuppiter
769 1192 790 1236 a
817 1168 1014 1236 Prometheo
1046 1168 1206 1256 deceptus
1239 1166 1428 1235 hominibus

16 1291 17 1344 ἴ
120 1272 237 1360 ignem
265 1278 414 1356 recuset,
450 1297 495 1343 sc.
519 1296 560 1343 ne
590 1296 688 1342 carne
717 1295 778 1363 per
808 1274 921 1342 dolum
953 1278 1147 1362 comparata
1179 1273 1249 1342 frui
1280 1273 1434 1362 possint,

121 1384 218 1448 recte
241 1380 379 1469 exponit
402 1381 470 1468 (pg.
490 1380 531 1447 13
547 1380 619 1468 sq.).

210 1486 246 1571 4)
268 1485 418 1554 Fabulae
441 1485 482 1553 de
503 1486 631 1574 primae
653 1484 804 1553 mulieris
828 1485 967 1571 origine,
993 1484 1033 1553 de
1056 1484 1224 1552 hominum
1246 1483 1428 1564 aetatibus,

122 1590 298 1679 accipitris
320 1590 469 1658 fabulam
492 1590 630 1679 abipso
653 1590 803 1658 Hesiodo
827 1589 995 1679 Operibus
1025 1589 1174 1657 insertas
1197 1612 1270 1658 esse
1293 1589 1431 1672 iudicat,

16 1717 17 1800 }
122 1716 324 1784 quamquam
346 1695 487 1783 primam
501 1695 651 1764 fabulam
673 1697 757 1763 mire
780 1702 882 1783 atque
905 1695 992 1762 satis
1016 1695 1198 1763 artificiose
1221 1694 1360 1762 carmini
1382 1693 1432 1761 in·

16 1809 17 1860 3
120 1800 272 1868 iunctam
300 1822 374 1869 esse
410 1823 491 1869 sane
523 1802 707 1889 perspexit.
753 1801 907 1869 versibus
929 1802 1061 1868 40-49
1088 1801 1272 1869 transitum
1300 1804 1432 1868 tantum

16 1919 17 1938 ¹
122 1907 311 1995 comparari
341 1907 386 1974 ad
414 1911 608 1995 sequentem
630 1906 780 1975 fabulam
803 1912 928 1975 censet.
974 1930 1093 1974 versus
1117 1906 1277 1989 teo-105,
1310 1906 1431 1995 quibus

16 1995 17 2032 ³
121 2012 234 2080 altera
255 2011 373 2080 fabula
394 2019 553 2080 narretur
575 2034 674 2102 quam
697 2013 738 2080 de
760 2012 888 2100 primae
915 2012 1067 2080 mulieris
1090 2011 1236 2099 origine,
1270 2017 1431 2094 removet,

122 2116 295 2206 eidemque
318 2116 556 2205 interpolatori
580 2117 742 2184 attribuit
763 2139 883 2185 versus
905 2118 1001 2203 8112,
1033 2117 1154 2205 quibus
1178 2115 1352 2183 Pandorae
1374 2140 1431 2183 no·

16 2215 17 2222 '
121 2246 197 2291 men
232 2229 267 2289 et
300 2229 576 2291 commemoratur
611 2228 647 2290 et
680 2221 767 2290 satis
801 2223 916 2310 inepte
950 2222 1138 2309 explicetur
1173 2223 1240 2310 (pg.
1276 2222 1430 2302 27-37).

120 2327 236 2396 verbis
270 2328 307 2395 ἐν
340 2328 534 2415 ἀρρήκτοισι
568 2330 724 2413 δόμοισιν
758 2327 884 2395 dolium
912 2327 1103 2413 Pandorae,
1138 2350 1204 2394 non
1237 2325 1429 2415 Epimethei

123 2432 254 2500 domum
278 2432 462 2519 significari
486 2433 624 2520 exponit
646 2432 715 2520 (pg.
739 2433 807 2519 27).

208 2538 243 2622 ὅ)
266 2537 333 2605 Per
354 2542 464 2604 totum
486 2537 677 2606 Franckeni
706 2536 830 2605 librum
860 2537 1050 2606 rectissima
1080 2560 1164 2626 quae
1193 2535 1274 2604 mihi
1297 2536 1431 2625 quidem

16 2709 17 2716 ,
121 2642 281 2711 videntur
310 2665 384 2710 esse
413 2642 538 2711 iudicia
567 2645 603 2711 et
625 2642 666 2710 de
688 2643 849 2711 universa
872 2642 1078 2711 Graecorum
1099 2641 1310 2731 mythologie
1332 2647 1368 2709 et
1390 2643 1431 2711 de

16 2771 17 2782 ¹
120 2747 314 2816 Promethei
336 2770 481 2836 persona
503 2748 659 2835 dispersa
682 2751 770 2815 sunt.
816 2753 929 2836 atque,
952 2747 986 2814 id
1010 2749 1098 2836 quod
1120 2748 1171 2816 ita
1193 2769 1268 2815 esse
1287 2747 1430 2814 maxime

120 2852 261 2939 gaudeo,
283 2851 501 2921 Franckenus
517 2875 647 2943 quoque
662 2852 899 2921 Prometheum
918 2854 1095 2942 superbiae
1115 2852 1279 2919 humanae
1293 2852 1429 2940 potissi·

121 2981 209 3026 mum
238 2957 423 3047 exemplum
452 2981 527 3026 esse
557 2958 699 3041 iudicat,
734 2980 801 3046 qua
831 2959 872 3025 de
901 2980 939 3027 re
967 2959 1094 3047 pagina
1123 2959 1203 3040 63s4
1231 2958 1296 3043 egi.
1341 2957 1429 3026 unde

121 3063 355 3131 Prometheum
377 3064 460 3132 adeo
484 3063 528 3131 ad
550 3064 727 3131 humanam
749 3070 908 3131 naturam
931 3064 1088 3132 accedere
1111 3064 1184 3131 iure
1207 3062 1273 3131 sibi
1295 3063 1429 3130 videtur

121 3168 289 3254 colligere,
312 3172 353 3235 nt
372 3191 446 3236 eum
461 3168 534 3237 fere
549 3169 692 3257 primum
708 3169 853 3236 omnium
870 3170 979 3236 virum
999 3170 1185 3255 cogitatum
1200 3190 1275 3236 esse
1291 3168 1427 3236 iudicet.

119 3271 182 3341 hae
205 3273 246 3341 de
268 3295 306 3342 re
327 3273 530 3363 praesertim
552 3274 705 3342 conferas
729 3274 829 3341 velim
851 3273 1042 3341 Franckeni
1064 3275 1207 3362 paginas
1229 3274 1368 3341 22-25.

206 3377 444 3459 Quaestionem
479 3379 520 3446 de
552 3380 700 3462 ratione,
735 3402 820 3469 quae
854 3379 945 3446 inter
975 3378 1189 3464 Theogoniae
1220 3386 1255 3446 et
1281 3377 1428 3466 Operum

16 3507 18 3540 ι
118 3483 209 3551 locos
233 3483 273 3551 de
297 3483 495 3552 Prometheo
517 3483 717 3564 intercedat,
745 3485 877 3551 omnino
899 3508 964 3550 non
986 3484 1141 3551 instituit
1163 3506 1270 3573 neque
1293 3482 1427 3551 dubita·

118 3588 243 3657 tionem
274 3596 387 3657 movet
415 3588 456 3656 de
487 3588 637 3656 Hesiodo
660 3587 874 3674 Theogoniae
905 3611 1062 3657 versuum
1085 3589 1258 3655 ere-589
1289 3593 1426 3656 auctore

118 3715 223 3782 neque
245 3715 367 3763 versus
388 3694 562 3762 590-612
593 3716 666 3761 cum
697 3694 974 3762 antecedentibus
1004 3693 1113 3760 minus
1143 3715 1325 3778 congruere
1350 3716 1425 3781 per·

119 3797 239 3886 spexit.
