3659 5509
1020 436 1063 504 56

386 611 529 691 indices,
567 610 708 697 stirpem
739 607 895 695 Iuppiter
929 606 1059 694 perdet.
1125 607 1243 674 dubito
1280 629 1323 675 an
1361 607 1437 674 iure
1465 603 1726 673 Kirobhoffius

387 716 455 803 (pg.
480 715 535 802 59)
568 714 622 781 his
657 735 675 779 e
707 713 865 780 versibus
898 709 1027 779 Persen
1059 718 1191 798 patrem
1224 712 1373 779 familias
1407 711 1514 779 fuisse
1548 710 1724 796 colligat.

387 841 469 887 sene
502 819 546 886 ad
579 816 707 884 Persen
745 820 901 903 spectant
935 837 1056 883 versus
1088 816 1277 899 274-285,
1316 838 1413 904 quem
1450 814 1622 882 Hesiodus
1666 812 1723 880 ab

387 923 512 990 iniuria
540 943 699 990 revocare
726 920 852 987 studet.
897 942 939 987 ne
968 920 1028 986 ille
1053 920 1192 1007 peieret,
1223 943 1288 1009 quo
1311 920 1405 989 Iovis
1427 920 1577 1008 praemio
1604 916 1723 999 insti,

388 1050 454 1115 qua
483 1049 590 1116 poene
619 1024 739 1092 iniusti
763 1024 818 1092 vel
849 1024 978 1113 periuri
999 1025 1095 1092 usuri
1118 1026 1203 1108 sint,
1240 1048 1313 1093 eum
1336 1025 1503 1093 admonet.
1550 1024 1591 1092 ‘si
1613 1022 1720 1111 quis.

387 1132 514 1219 inquit,
550 1130 716 1218 peierabit
749 1128 839 1216 opud
871 1128 1016 1211 iudices,
1055 1130 1121 1198 sibi
1155 1131 1229 1218 ipse
1262 1136 1299 1198 et
1331 1130 1449 1217 generi
1481 1129 1718 1198 vehementer

388 1236 542 1304 nocebit'.
587 1236 636 1302 sic
662 1234 761 1321 plane
788 1234 823 1300 in
846 1233 1040 1301 universum
1067 1241 1102 1302 et
1125 1235 1179 1302 vir
1201 1234 1313 1303 iustus
1340 1240 1377 1303 et
1399 1235 1453 1302 vir
1475 1234 1626 1301 iniustus
1646 1233 1714 1298 in-

388 1347 443 1408 ter
468 1362 504 1406 se
531 1344 743 1427 opponuntur
770 1344 873 1427 atque
894 1339 970 1405 fata
993 1360 1106 1405 eorum
1129 1338 1351 1407 delinesntur.
1403 1339 1492 1429 quod
1519 1339 1716 1425 utriusque

388 1467 494 1531 genus
529 1444 602 1511 aive
635 1445 754 1511 bonam
788 1444 861 1511 sive
891 1443 1014 1510 malam
1044 1449 1170 1511 sortem
1203 1449 1381 1511 nacturum
1409 1449 1709 1523 commemoratur,

388 1572 454 1616 non
476 1548 596 1615 mirum
619 1554 681 1615 est.
727 1548 820 1614 diras
844 1546 1002 1614 Teiorum
1025 1570 1053 1615 c.
1075 1570 1107 1633 g.
1130 1548 1280 1633 afferam,
1304 1571 1390 1636 quae
1413 1570 1526 1616 omnes
1548 1549 1601 1614 his
1625 1545 1713 1613 fere

387 1654 502 1721 verbis
538 1653 781 1720 terminantur:
819 1663 934 1719 astron
967 1652 1179 1720 ἀπόλλυσθαι
1216 1652 1271 1720 καὶ
1303 1653 1407 1720 αὐτὸν
1440 1652 1496 1719 καὶ
1529 1651 1627 1738 γένος
1659 1653 1709 1717 τὸ

388 1762 513 1826 κείνου.
557 1757 613 1845 (of.
640 1757 794 1840 Bechtel,
830 1756 954 1824 inschr.
981 1757 1012 1824 d.
1040 1757 1107 1824 ion.
1134 1756 1217 1824 dial.
1245 1758 1307 1825 156
1335 1780 1366 1846 p.
1395 1758 1438 1824 96
1460 1759 1532 1846 sq).
1576 1756 1706 1824 eadem

389 1863 521 1930 ratione
536 1861 705 1929 Hesiodus
729 1861 815 1929 satis
837 1860 996 1929 universe
1018 1860 1150 1929 locutus
1174 1861 1276 1929 etiam
1298 1861 1447 1929 familias
1470 1868 1506 1929 et
1525 1860 1593 1928 viri
1614 1860 1710 1928 iusti

390 1973 427 2035 ct
454 1967 522 2034 viri
550 1966 671 2033 iniusti
700 1971 934 2033 commemorat
945 1966 980 2051 ¹),
1014 1966 1050 2032 id
1077 1966 1165 2055 quod
1192 1988 1295 2034 versu
1317 1967 1382 2033 285
1411 1965 1626 2033 manifestum
1648 1965 1707 2032 fit.

390 2095 490 2160 quam
517 2071 600 2139 bene
626 2070 680 2137 hic
705 2070 798 2138 locus
825 2069 928 2138 etiam
952 2092 1026 2138 cum
1050 2070 1270 2138 antecedente
1293 2071 1406 2159 aliquo
1429 2077 1602 2157 congruat,
1630 2069 1709 2136 noli

390 2197 515 2265 quaeso
538 2175 726 2261 neglegere.
771 2196 878 2261 neque
908 2174 995 2241 enim
1024 2174 1086 2242 hoc
1116 2173 1189 2242 loco
1218 2175 1361 2263 primum
1384 2176 1426 2242 de
1457 2175 1529 2242 iure
1556 2175 1706 2242 iurando

390 2279 557 2367 loquitur,
591 2279 740 2346 sedium
763 2302 795 2346 v.
818 2279 883 2344 219
899 2301 948 2366 sq.
963 2278 1089 2363 Ὅρκον
1111 2279 1262 2346 ulturum
1285 2301 1360 2348 esse
1382 2280 1525 2347 iniustos
1549 2278 1707 2346 homines

392 2384 559 2471 exposuit,
583 2405 680 2471 quem
703 2383 746 2451 ad
769 2405 904 2450 versum
929 2382 1052 2470 optime
1075 2383 1225 2450 afferunt
1247 2384 1314 2450 viri
1337 2384 1427 2451 docti
1443 2384 1567 2470 Theog.
1580 2407 1612 2452 v.
1625 2385 1704 2467 231,

391 2511 457 2576 quo
486 2510 588 2556 versu
618 2487 724 2555 allato
754 2493 896 2574 uterque
920 2486 1066 2574 Operum
1087 2486 1180 2555 locus
1204 2489 1249 2573 (v.
1273 2487 1348 2557 219.
1383 2512 1416 2555 v.
1438 2489 1516 2576 288)
1539 2487 1623 2556 bene
1646 2511 1706 2555 ex·

391 2593 548 2680 plicatur.
594 2592 696 2660 etiam
719 2592 830 2659 altera
853 2592 1023 2660 sententia
1045 2615 1100 2660 vv.
1123 2593 1296 2659 274-285
1327 2615 1401 2660 cnm
1423 2593 1706 2661 antecedentibus

392 2696 559 2765 coniuncti
589 2702 685 2763 sunt:
720 2719 797 2762 nam
826 2697 915 2763 siout
936 2718 1054 2783 regum
1076 2703 1214 2784 peccata
1236 2697 1303 2765 toti
1324 2697 1448 2785 populo
1472 2697 1604 2764 crimini
1627 2698 1705 2765 dari

392 2802 548 2871 versibus
570 2802 671 2883 26οΙ2
693 2800 862 2868 Hesiodus
890 2801 1036 2884 monuit,
1072 2800 1123 2868 ite
1154 2802 1208 2870 hic
1238 2801 1339 2869 unius
1370 2809 1510 2889 peccata
1537 2802 1704 2870 familiam

393 2906 526 2973 solvere
549 2905 642 2972 dicit.

478 3009 662 3077 Artissime
684 3008 792 3094 igitur
814 3007 915 3076 etiam
943 3009 978 3075 hi
1000 3031 1121 3078 versus
1144 3033 1217 3077 cum
1240 3009 1516 3079 antecedentibus
1540 3011 1701 3079 carminis

394 3114 550 3201 partibus
573 3112 753 3180 cohaerent
775 3134 836 3179 nec
857 3113 928 3180 ullo
950 3114 1047 3181 modo
1069 3116 1112 3182 ab
1136 3114 1185 3183 eis
1208 3115 1337 3183 secerni
1359 3120 1512 3203 possunt.

480 3217 554 3300 Quo
577 3226 690 3284 autem
712 3217 809 3283 modo
832 3218 935 3284 etiam
953 3241 1007 3285 vv.
1024 3219 1197 3286 286-292
1220 3242 1293 3287 cum
1316 3221 1533 3308 sequentibus
1552 3222 1703 3309 copulati

393 3322 474 3405 sint,
504 3322 574 3389 Leo
598 3324 666 3409 (pg.
692 3321 733 3387 18
750 3324 837 3409 sqq.)
861 3323 1079 3407 sagacissime
1102 3326 1267 3410 exposuit,
1291 3346 1372 3392 voce
1395 3327 1478 3410 ‘yolp’
1502 3347 1600 3413 quam
1623 3327 1705 3395 Plu·

393 3426 533 3493 tarchus
556 3430 591 3492 et
612 3424 799 3512 Xenophon
821 3425 965 3493 tradunt
993 3426 1028 3492 in
1052 3451 1084 3494 v.
1107 3429 1170 3494 287
1195 3436 1339 3516 recepta.
1385 3434 1460 3496 arte
1482 3429 1590 3515 igitur
1612 3432 1704 3500 inter

394 3553 430 3598 se
449 3528 671 3615 coniungendi
695 3535 775 3596 sunt
790 3553 845 3597 vv.
858 3531 1042 3615 286-316,
1066 3554 1149 3621 quos
1166 3533 1250 3600 bene
1265 3533 1437 3622 excipiunt
1450 3557 1506 3602 vv.
1517 3535 1703 3605 320-326.

393 3634 430 3701 id
452 3634 538 3700 enim
561 3643 668 3721 agnnt
691 3658 744 3702 vv,
761 3635 944 3718 286-316,
968 3640 1008 3703 ut
1021 3635 1146 3704 Persae
1168 3637 1245 3705 ideo
1267 3637 1402 3705 labores
1420 3638 1591 3726 suscipere
1605 3663 1703 3728 prae·

393 3738 538 3825 cipiant‚
571 3745 610 3806 nt
639 3739 698 3827 qni
729 3761 816 3806 nnnc
844 3761 973 3826 pauper
1004 3739 1051 3807 sit
1081 3740 1222 3809 divitias
1253 3742 1477 3810 nanciscatur.
1532 3766 1606 3810 cum
1638 3770 1706 3834 qua

393 3842 562 3911 sententia
583 3843 668 3910 bene
690 3843 904 3929 coniungitur
928 3867 960 3911 v.
973 3844 1038 3911 320
1059 3849 1207 3931 χρήματα
1230 3846 1259 3936 d’
1277 3846 1338 3933 οὐχ
1356 3846 1515 3932 ἁρπακτά,
1536 3851 1705 3917 θεόσδοτα

393 3950 520 4015 πολλὸν
552 3948 687 4032 ἀμείνω.
739 3948 788 4014 sic
822 3949 1006 4015 transitum
1039 3949 1106 4016 sibi
1139 3949 1244 4018 efficit
1277 3950 1447 4018 Hesiodus
1482 3951 1525 4018 ad
1559 3953 1703 4021 alterum

393 4051 548 4122 carminis
572 4046 819 4137 argumentum,
850 4052 940 4139 quod
962 4052 1040 4120 inde
1062 4075 1084 4120 a
1106 4076 1209 4121 versu
1232 4055 1295 4121 383
1317 4061 1458 4123 tractat.
1504 4079 1558 4123 vv.
1581 4057 1704 4140 317119

393 4157 486 4223 nullo
509 4155 606 4223 modo
629 4177 702 4223 cum
724 4155 831 4222 totins
860 4155 926 4223 loci
950 4157 1120 4224 sententia
1142 4159 1299 4246 coniungi
1321 4181 1421 4246 posse
1444 4159 1613 4246 videntur,
1645 4186 1705 4232 nec

398 4260 480 4327 crdo
515 4281 536 4326 a
568 4259 823 4347 Peppmuellero
858 4259 987 4347 (philol.
1019 4261 1131 4349 39οιν)
1168 4262 1325 4330 inversus
1363 4263 1533 4332 meliorem
1570 4268 1705 4337 exhibet

487 4453 513 4522 1)
540 4450 729 4508 Confersndce
756 4452 839 4506 etiam
867 4458 932 4507 sunt
962 4469 1011 4509 eae
1038 4453 1203 4511 defixionum
1234 4456 1354 4512 tabellae
1384 4458 1487 4514 atticae
1516 4459 1661 4529 (collectae
1688 4480 1705 4520 a

395 4540 570 4607 Wuenschio,
599 4541 626 4595 G.
646 4541 671 4596 J.
694 4543 727 4596 A.
747 4555 819 4609 app,
845 4540 937 4595 Berol.
958 4544 1047 4612 1897),
1077 4544 1175 4612 quibus
1195 4551 1307 4614 praeter
1327 4546 1418 4614 ipsum
1436 4545 1570 4616 devotum,
1599 4549 1704 4619 dequo

396 4630 501 4698 agitur,
530 4629 612 4684 enam
635 4628 727 4684 devoti
752 4630 861 4697 cognati
886 4630 1008 4699 sociique
1030 4631 1205 4689 devoventur.
1242 4650 1277 4688 ex
1296 4633 1394 4702 quibus
1413 4650 1460 4690 eas
1479 4637 1704 4706 praecipuarum

396 4716 510 4772 Hesiodi
527 4717 588 4772 loco
606 4716 805 4786 comparandas
823 4733 885 4774 esse
904 4734 1010 4788 censeo,
1030 4721 1128 4789 quibus
1147 4723 1176 4776 in
1194 4722 1350 4779 universum
1370 4723 1450 4778 amici
1462 4734 1706 4783 commemorantur

396 4806 471 4872 uelut
489 4802 520 4859 ol
535 4804 614 4860 ἄλλοι
633 4803 663 4861 οἱ
678 4805 749 4875 μετὰ
762 4809 918 4876 Κοννῦδος,
937 4804 968 4862 οἱ
982 4808 1053 4878 μετὰ
1065 4810 1180 4880 τούτων,
1199 4808 1229 4865 ol
1244 4811 1302 4881 μετ’
1316 4807 1442 4881 ἐκείνων,
1460 4808 1491 4866 ol
1502 4812 1572 4881 μετὰ
1583 4818 1704 4884 Κτησίου

398 4893 523 4959 ἅπαντος
541 4901 591 4951 etc.
630 4895 665 4951 cf.
685 4897 834 4956 Wuenachi
851 4897 941 4968 prael.
959 4915 1005 4969 pg.
1023 4900 1055 4956 V.
