3659 5509
1051 489 1094 556 34

420 665 508 732 unde
530 665 592 731 hos
617 686 736 732 versus
761 686 778 729 e
800 663 925 730 maiore
948 663 1061 752 aliquo
1085 685 1211 730 conexu
1227 667 1377 751 sumptos
1401 685 1475 731 esse
1491 662 1733 731 concludamus

420 793 555 837 necesse
579 776 640 837 est.
674 791 805 836 carmen
829 769 923 853 illud,
948 768 1037 857 quod
1059 769 1186 854 fingere
1209 769 1377 850 debemus,
1395 768 1430 834 id
1453 769 1564 854 egisse
1581 769 1732 849 videtur,

420 883 460 942 ut
490 876 601 941 omnia
632 874 721 940 mala
753 873 794 940 ab
825 895 913 939 una
945 873 1085 940 muliere
1116 874 1151 939 in
1174 879 1301 940 terram
1325 872 1439 939 delata
1462 895 1536 939 esse
1560 879 1731 940 narraret

420 981 501 1046 haec
534 986 646 1046 autem
679 1000 734 1044 res
760 986 814 1045 661
836 979 1050 1064 gravissima,
1075 977 1732 1066 61166161161616666166116116116·

420 1086 513 1151 tione
545 1088 775 1164 secernuntur,
810 1082 863 1149 his
888 1082 1022 1170 quidem
1045 1082 1200 1149 versibus
1222 1082 1311 1149 mala
1334 1083 1376 1149 ab
1398 1105 1466 1148 una
1497 1088 1599 1170 atque
1632 1088 1732 1149 certa
1819 1067 1820 1084 ¹

421 1188 561 1255 muliere
584 1194 766 1275 apportata
790 1210 863 1254 6666
886 1186 1038 1272 narrari;
1061 1210 1168 1276 neque
1191 1187 1298 1274 igitur
1319 1186 1373 1254 hic
1396 1187 1437 1253 (16
1459 1187 1568 1274 prima
1587 1186 1733 1253 muliere
1819 1263 1820 1274 ¹

422 1294 554 1378 agitur,
589 1315 674 1380 quae
707 1292 814 1358 totius
849 1292 984 1378 generis
1018 1291 1129 1358 instar
1164 1297 1233 1376 est,
1269 1313 1375 1379 neque
1406 1290 1562 1358 mulieres
1595 1290 1733 1357 omnino

422 1398 530 1465 malae
554 1403 644 1476 sunt,
669 1396 818 1463 seduna
841 1396 961 1463 mulier
984 1395 1063 1462 olim
1086 1396 1175 1463 mala
1198 1396 1387 1463 hominibus
1410 1396 1538 1462 attulit.
1576 1397 1732 1483 proxime
1819 1439 1820 1486 3

421 1503 528 1589 igitur
560 1501 691 1568 accedit
713 1501 794 1568 11666
824 1501 940 1568 fabula
963 1501 1007 1568 ad
1037 1500 1202 1568 iudaicam
1227 1500 1267 1567 de
1293 1501 1402 1587 prima
1425 1499 1573 1567 muliere.
1619 1522 1732 1588 neque
1819 1529 1820 1536 ¹

422 1609 509 1675 enim
532 1607 615 1689 Eva,
640 1605 740 1694 quia
763 1606 917 1672 mulier
940 1612 1002 1685 est,
1021 1605 1152 1672 Adamo
1175 1606 1394 1693 omnibusque
1409 1604 1598 1671 hominibus
1623 1605 1731 1671 detri-
1819 1613 1820 1616 ’

421 1717 532 1779 mento
557 1717 618 1792 661,
652 1710 711 1776 sed
735 1710 813 1798 quia
843 1715 962 1777 contra
984 1709 1049 1776 Dei
1079 1710 1290 1776 voluntatem
1318 1709 1480 1795 peccavit.
1530 1710 1631 1795 plane
1660 1708 1732 1775 alia
1819 1695 1820 1698 ¹

422 1824 476 1884 est
497 1816 579 1883 haec
601 1814 718 1882 fabula
742 1822 843 1903 atque
867 1835 952 1902 quae
975 1837 1029 1880 vv.
1046 1814 1361 1889 50-68÷83-89
1384 1813 1586 1892 continetur,
1620 1835 1732 1902 neque
1819 1835 1820 1906 }

421 1923 557 2007 integra
586 1925 640 1987 est
668 1919 784 1986 fabula
807 1941 964 1986 versuum
987 1919 1140 1985 90-104
1163 1957 1202 1968 —
1234 1920 1263 1985 si
1286 1918 1418 2006 quidem
1440 1940 1508 1984 una
1536 1919 1654 1985 fabula
1676 1918 1732 1984 his
1819 1947 1820 2012 }

421 2025 575 2091 versibus
586 2024 752 2112 proditur,
777 2044 843 2110 qua
856 2022 896 2089 de
908 2044 945 2090 re
959 2022 1126 2090 dubitatio
1140 2022 1304 2090 exsistere
1315 2029 1432 2111 potest
1451 2062 1493 2071 -
1516 2023 1576 2090 sed
1591 2024 1731 2090 fabulae
1819 2047 1820 2050 ¹

422 2135 579 2196 vetustae
591 2129 827 2213 fragmentum,
840 2128 928 2215 quod
939 2128 1164 2214 interpolator
1176 2128 1299 2216 aliquis
1311 2128 1408 2195 nobis
1422 2129 1648 2195 conservavit.
1681 2128 1731 2194 in·

422 2233 610 2321 terpolatos
623 2233 709 2298 enim
721 2255 795 2299 6666
807 2257 861 2298 vu
875 2233 1027 2299 90-104
1038 2254 1079 2299 ex
1093 2232 1141 2299 eis
1155 2254 1240 2320 quae
1253 2232 1322 2298 dixi
1334 2233 1548 2299 manifestum
1561 2233 1609 2299 fit.
1634 2237 1731 2299 recte

422 2340 484 2405 1166
493 2343 719 2425 exposuerunt
728 2337 959 2403 Kirchhoiiius
970 2342 1005 2403 et
1014 2336 1182 2424 Meyerus,
1194 2336 1251 2424 qui
1262 2337 1362 2403 etiam
1373 2343 1446 2404 tota
1457 2337 1601 2424 Operum
1610 2360 1732 2405 narra-

422 2445 514 2509 tione
539 2442 622 2508 duas
645 2441 780 2509 fabulas
804 2441 1055 2528 conglutinatas
1079 2464 1153 2508 esse
1175 2442 1363 2529 perspexit,
1395 2463 1535 2529 quarum
1557 2443 1650 2528 prior
1675 2442 1733 2528 (de

422 2548 530 2636 prima
551 2545 704 2632 muliere)
727 2569 832 2633 usque
856 2546 899 2613 ad
922 2545 1020 2613 finem
1043 2569 1108 2612 non
1140 2546 1187 2612 611
1216 2546 1388 2633 perducta,
1420 2569 1492 2612 cum
1515 2547 1616 2614 alteri
1639 2547 1734 2614 desit

422 2653 555 2719 initium
578 2651 610 2731 (1.
632 2651 654 2717 l.
671 2673 703 2739 p.
720 2652 786 2735 94).
817 2692 859 2700 —
891 2675 934 2719 an
966 2652 1076 2718 altera
1106 2652 1223 2719 fabula
1254 2652 1385 2718 omnino
1416 2652 1521 2718 fuerit
1552 2652 1733 2719 coniuncta

424 2781 495 2825 cum
518 2756 715 2845 Epimetheo
746 2758 795 2841 (61
817 2756 1029 2842 Prometheo)
1053 2755 1152 2823 valde
1176 2756 1302 2823 dubito.
1355 2757 1570 2845 nequeenim
1594 2756 1733 2844 Epime-

425 2863 523 2928 theus
547 2861 617 2926 ullo
641 2861 743 2927 verbo
768 2866 1044 2928 commemoratur
1066 2883 1182 2947 neque,
1213 2860 1248 2926 id
1271 2859 1359 2948 quod
1383 2861 1584 2928 contendere
1609 2861 1731 2944 solent,

424 2967 464 3033 (16
488 2967 559 3032 eius
584 2966 679 3032 domo
703 2965 827 3050 agitur.
863 2966 969 3032 verba
986 2966 1071 3032 enim
1096 2965 1133 3031 ἐν
1148 2965 1341 3051 ἀρρήκτοισι
1364 2968 1519 3051 δόμοισιν
1541 2967 1651 3053 ipsum
1673 2966 1732 3032 do-

423 3072 504 3138 lium
528 3069 721 3155 significant
743 3093 812 3145 nec,
837 3070 871 3135 id
895 3069 983 3158 quod
1007 3070 1108 3136 etiam
1130 3069 1287 3155 Meyerus
1304 3070 1492 3136 arbitratus
1509 3076 1572 3150 est,
1590 3070 1633 3136 ad
1648 3070 1731 3157 Epi·
1819 3091 1820 3142 3

423 3175 546 3242 mathei
570 3175 700 3240 domum
723 3180 889 3259 spectant.
917 3174 1107 3257 „remansit
1131 3172 1242 3260 inquit
1263 3179 1374 3261 poeta,
1398 3173 1435 3239 ἐν
1457 3175 1650 3258 ἀρρήκτοισι
1672 3178 1733 3241 δύ·

423 3297 536 3365 μοισιν
567 3281 664 3365 (quos
693 3278 727 3343 ni
758 3280 917 3363 ἅρρηκτοι
946 3279 1093 3344 fuissent
1122 3277 1207 3364 Spes
1237 3278 1338 3344 facile
1371 3278 1588 3365 perfodisset)
1597 3302 1605 3362 ς
1635 3301 1677 3345 116
1713 3302 1733 3347 6

425 3383 544 3471 ‘porta'
568 3382 699 3470 quidem
724 3382 873 3467 effugere
895 3383 1017 3469 potuit,
1041 3405 1114 3448 cum
1137 3387 1238 3449 antea
1260 3381 1326 3448 iam
1342 3382 1463 3448 mulier
1484 3382 1658 3449 clauderet
1673 3385 1733 3451 do·

424 3488 525 3555 lium‘.
563 3486 676 3553 verbis
693 3485 772 3553 οὐδὲ
788 3489 915 3572 θύραζε
939 3487 1055 3572 ἐξέπτη
1077 3492 1145 3553 κτλ.
1177 3509 1231 3553 166
1255 3486 1436 3554 manifesta
1458 3486 1512 3553 fit:
1538 3488 1733 3574 operculum
1819 3483 1820 3486 '

424 3592 506 3659 dolii
529 3597 628 3679 porta
652 3592 784 3672 dicitur,
809 3597 918 3658 totum
941 3592 1048 3676 igitur
1072 3591 1197 3657 dolium
1220 3591 1317 3679 quasi
1340 3592 1456 3658 domus
1480 3598 1542 3673 est,
1566 3592 1624 3658 ubi
1644 3593 1732 3680 Spes
1819 3601 1820 3674 ζ

426 3719 600 3764 remanere
624 3696 765 3782 cogitur,
790 3719 863 3762 cum
886 3696 983 3764 1116116
1006 3719 1066 3785 per
1088 3696 1335 3781 malignitatem
1357 3696 1507 3762 mulieris
1530 3696 1624 3762 illius
1648 3698 1733 3764 effu·

425 3823 504 3888 gere
527 3802 639 3869 116661.
688 3802 737 3867 616
763 3800 925 3868 Proculus
949 3822 1079 3890 quoque
1102 3800 1159 3888 qui
1181 3801 1267 3867 116116
1290 3801 1421 3867 dicendi
1444 3801 1608 3868 rationem
1631 3803 1733 3871 vehe-
1782 3879 1787 3888 ‚

425 3913 555 3973 menter
578 3907 753 3992 vituperat
775 3906 881 3973 locum
904 3907 1170 3993 interpretatur:
1210 3910 1326 3983 ‘maur
1355 3904 1392 3971 ol
1423 3901 1516 3972 εἶπεν
1538 3905 1586 3971 ιἐν
1608 3906 1733 3992 ἀρρήκ-

425 4027 533 4078 τοισιν
556 4011 720 4095 δόμοισιν’
745 4009 798 4075 ἐπὶ
829 4020 889 4075 τοῦ
912 4014 1019 4076 πίθου
1041 4013 1147 4095 δόμον
1170 4012 1292 4076 εἰπών]
1323 4010 1501 4098 praecipue
1533 4016 1656 4092 autem,
1687 4035 1732 4080 ne

426 4115 533 4182 dicam
556 4113 638 4181 solis
664 4113 717 4180 his
742 4114 853 4180 verbis
877 4114 943 4179 nisi
966 4120 1047 4180 sunt
1062 4113 1129 4180 viri
1152 4114 1251 4197 (16611,
1269 4115 1325 4201 qui
1341 4135 1446 4201 usque
1462 4114 1505 4180 ad
1520 4115 1582 4181 hoc
1597 4121 1732 4203 tempus

425 4219 578 4286 mulieris
601 4225 637 4285 et
659 4218 740 4284 dolii
764 4217 912 4285 fabulam
936 4241 1008 4284 eum
1024 4217 1216 4306 Epimethei
1238 4218 1354 4286 fabula
1370 4225 1445 4286 arte
1461 4218 1641 4286 cohaerere
1657 4242 1732 4287 con·

426 4325 578 4404 tendunt,
605 4323 698 4391 cuius
722 4323 911 4389 sententiae
934 4322 1185 4390 fundamentum
1209 4323 1345 4406 corruit,
1379 4324 1408 4389 61
1431 4329 1522 4390 16616
1544 4325 1651 4391 verba
1671 4324 1734 4392 illa

426 4430 672 4516 interpretatus
685 4451 766 4494 sum.
789 4449 884 4511 unus,
898 4428 932 4492 ni
944 4428 1056 4510 fallor,
1070 4427 1261 4515 Lennepius
1273 4436 1364 4495 16616
1378 4428 1419 4495 (16
1431 4429 1493 4496 hao
1504 4451 1540 4496 16
1556 4428 1731 4497 iudicavit.

426 4555 533 4622 neque
557 4534 642 4600 enim
666 4538 806 4621 propter
821 4532 1066 4620 Epimetheum,
1084 4533 1140 4621 qui
1156 4535 1333 4620 utriusque
1349 4533 1483 4600 fabulae
1498 4554 1579 4619 pars
1598 4534 1734 4620 integra

427 4637 541 4720 fuerit,
566 4638 625 4706 sed
648 4643 788 4725 propter
811 4637 955 4703 similem
979 4637 1169 4703 fabularum
1194 4637 1396 4704 sententiam
1427 4637 1623 4704 coniunctae
1654 4644 1735 4704 sunt

428 4741 491 4808 hae
515 4742 600 4809 duae
623 4742 769 4809 fabulae.
801 4748 945 4828 utraque
969 4741 1056 4809 enim
1079 4741 1185 4808 vitam
1208 4743 1384 4809 humanam
1408 4765 1428 4808 a
1451 4741 1590 4809 muliere
1613 4742 1733 4830 depra-

427 4852 542 4914 vatam
566 4868 638 4913 6666
661 4849 798 4913 narrat:
832 4846 942 4913 altera
971 4846 1080 4934 prima
1104 4868 1124 4913 a
1146 4845 1286 4913 muliere
1310 4868 1394 4934 quae
1416 4847 1527 4912 instar
1550 4852 1604 4912 est
1625 4848 1733 4915 totius

427 4949 572 5038 generis,
603 4949 714 5017 altera
743 4973 764 5018 a
796 4955 892 5019 certa
923 4950 1066 5037 quadam
1088 4950 1236 5018 muliere.
1283 4950 1499 5038 nequeenim
1523 4951 1734 5036 yovdversu
1819 4985 1820 5044 3
