<?xml version="1.0" encoding="UTF-8"?>
<!DOCTYPE html PUBLIC "-//W3C//DTD XHTML 1.0 Transitional//EN"
    "http://www.w3.org/TR/xhtml1/DTD/xhtml1-transitional.dtd">
<html xmlns="http://www.w3.org/1999/xhtml" xml:lang="en" lang="en">
 <head>
  <title>
</title>
<meta http-equiv="Content-Type" content="text/html;charset=utf-8" />
  <meta name='ocr-system' content='tesseract 3.04.00' />
  <meta name='ocr-capabilities' content='ocr_page ocr_carea ocr_par ocr_line ocrx_word'/>
</head>
<body>
  <div class='ocr_page' id='page_1' title='image "./quaestioneshesi00liscgoog_0020.png"; bbox 0 0 3659 5509; ppageno 0'>
   <div class='ocr_carea' id='block_1_1' title="bbox 1015 387 1037 455">
    <p class='ocr_par' dir='ltr' id='par_1_1' title="bbox 1015 387 1037 455">
     <span class='ocr_line' id='line_1_1' title="bbox 1015 387 1037 455; baseline 0 0"><span class='ocrx_word' id='word_1_1' title='bbox 1015 387 1037 455; x_wconf 89' lang='lat'>8</span> 
     </span>
    </p>
   </div>
   <div class='ocr_carea' id='block_1_2' title="bbox 371 556 1689 968">
    <p class='ocr_par' dir='ltr' id='par_1_2' title="bbox 371 556 1689 968">
     <span class='ocr_line' id='line_1_2' title="bbox 372 556 1683 651; baseline -0.005 -22"><span class='ocrx_word' id='word_1_2' title='bbox 372 561 504 631; x_wconf 83' lang='lat' dir='ltr'>methea</span> <span class='ocrx_word' id='word_1_3' title='bbox 526 566 665 650; x_wconf 82' lang='lat' dir='ltr'>excepto</span> <span class='ocrx_word' id='word_1_4' title='bbox 686 584 769 631; x_wconf 89' lang='lat' dir='ltr'>usus</span> <span class='ocrx_word' id='word_1_5' title='bbox 791 566 861 630; x_wconf 84' lang='lat' dir='ltr'>eet:</span> <span class='ocrx_word' id='word_1_6' title='bbox 883 562 1000 651; x_wconf 73' lang='lat' dir='ltr'>pauds</span> <span class='ocrx_word' id='word_1_7' title='bbox 1022 560 1136 630; x_wconf 80' lang='lat' dir='ltr'>verbis</span> <span class='ocrx_word' id='word_1_8' title='bbox 1158 564 1267 629; x_wconf 89' lang='lat' dir='ltr'>totam</span> <span class='ocrx_word' id='word_1_9' title='bbox 1289 557 1431 629; x_wconf 89' lang='lat' dir='ltr'>remita</span> <span class='ocrx_word' id='word_1_10' title='bbox 1453 556 1612 639; x_wconf 87' lang='lat' dir='ltr'>absolvit,</span> <span class='ocrx_word' id='word_1_11' title='bbox 1635 559 1683 623; x_wconf 90' lang='lat' dir='ltr'>ut</span> 
     </span>
     <span class='ocr_line' id='line_1_3' title="bbox 371 662 1684 757; baseline -0.005 -22"><span class='ocrx_word' id='word_1_12' title='bbox 371 668 471 757; x_wconf 87' lang='lat' dir='ltr'>plura</span> <span class='ocrx_word' id='word_1_13' title='bbox 486 691 559 736; x_wconf 87' lang='lat' dir='ltr'>eum</span> <span class='ocrx_word' id='word_1_14' title='bbox 572 690 647 736; x_wconf 86' lang='lat' dir='ltr'>esse</span> <span class='ocrx_word' id='word_1_15' title='bbox 667 669 851 736; x_wconf 87' lang='lat' dir='ltr'>allaturum</span> <span class='ocrx_word' id='word_1_16' title='bbox 870 690 936 735; x_wconf 92' lang='lat' dir='ltr'>non</span> <span class='ocrx_word' id='word_1_17' title='bbox 957 671 1197 756; x_wconf 76' lang='lat' dir='ltr'>exspectemus,</span> <span class='ocrx_word' id='word_1_18' title='bbox 1210 664 1247 734; x_wconf 92' lang='lat' dir='ltr'>id</span> <span class='ocrx_word' id='word_1_19' title='bbox 1266 664 1483 756; x_wconf 87' lang='lat' dir='ltr'>quodversus</span> <span class='ocrx_word' id='word_1_20' title='bbox 1494 664 1535 732; x_wconf 90' lang='lat' dir='ltr'>de</span> <span class='ocrx_word' id='word_1_21' title='bbox 1549 662 1684 731; x_wconf 88' lang='lat' dir='ltr'>ceteris</span> 
     </span>
     <span class='ocr_line' id='line_1_4' title="bbox 371 767 1689 862; baseline -0.006 -21"><span class='ocrx_word' id='word_1_22' title='bbox 371 772 594 862; x_wconf 88' lang='lat' dir='ltr'>Iapetionidis</span> <span class='ocrx_word' id='word_1_23' title='bbox 616 773 803 861; x_wconf 87' lang='lat' dir='ltr'>comparati</span> <span class='ocrx_word' id='word_1_24' title='bbox 824 773 955 841; x_wconf 90' lang='lat' dir='ltr'>docent.</span> <span class='ocrx_word' id='word_1_25' title='bbox 1000 794 1105 860; x_wconf 84' lang='lat' dir='ltr'>grave</span> <span class='ocrx_word' id='word_1_26' title='bbox 1126 772 1189 840; x_wconf 91' lang='lat' dir='ltr'>hoc</span> <span class='ocrx_word' id='word_1_27' title='bbox 1211 795 1286 841; x_wconf 89' lang='lat' dir='ltr'>esse</span> <span class='ocrx_word' id='word_1_28' title='bbox 1308 776 1542 859; x_wconf 79' lang='lat' dir='ltr'>argumentum</span> <span class='ocrx_word' id='word_1_29' title='bbox 1569 768 1604 834; x_wconf 92' lang='lat' dir='ltr'>in</span> <span class='ocrx_word' id='word_1_30' title='bbox 1626 767 1689 834; x_wconf 78' lang='lat' dir='ltr'>fa·</span> 
     </span>
     <span class='ocr_line' id='line_1_5' title="bbox 372 871 1687 968; baseline -0.006 -22"><span class='ocrx_word' id='word_1_31' title='bbox 372 877 453 946; x_wconf 88' lang='lat' dir='ltr'>bula</span> <span class='ocrx_word' id='word_1_32' title='bbox 463 879 618 968; x_wconf 86' lang='lat' dir='ltr'>sequenti</span> <span class='ocrx_word' id='word_1_33' title='bbox 625 878 1043 967; x_wconf 87' lang='lat' dir='ltr'>interpretandaapparet‚</span> <span class='ocrx_word' id='word_1_34' title='bbox 1050 900 1123 944; x_wconf 92' lang='lat' dir='ltr'>cum</span> <span class='ocrx_word' id='word_1_35' title='bbox 1130 871 1687 967; x_wconf 84' lang='lat' dir='ltr'>quamEpimetheifabnlamHesi·</span> 
     </span>
    </p>
   </div>
   <div class='ocr_carea' id='block_1_3' title="bbox 373 976 1691 4726">
    <p class='ocr_par' dir='ltr' id='par_1_3' title="bbox 373 976 1691 4726">
     <span class='ocr_line' id='line_1_6' title="bbox 374 976 1687 1072; baseline -0.004 -22"><span class='ocrx_word' id='word_1_36' title='bbox 374 983 457 1051; x_wconf 87' lang='lat' dir='ltr'>udus</span> <span class='ocrx_word' id='word_1_37' title='bbox 465 983 599 1051; x_wconf 86' lang='lat' dir='ltr'>noverit</span> <span class='ocrx_word' id='word_1_38' title='bbox 607 984 660 1051; x_wconf 90' lang='lat' dir='ltr'>his</span> <span class='ocrx_word' id='word_1_39' title='bbox 667 984 822 1051; x_wconf 87' lang='lat' dir='ltr'>versibus</span> <span class='ocrx_word' id='word_1_40' title='bbox 832 983 1019 1051; x_wconf 79' lang='lat' dir='ltr'>doceamur.</span> <span class='ocrx_word' id='word_1_41' title='bbox 1032 1006 1098 1072; x_wconf 91' lang='lat' dir='ltr'>quo</span> <span class='ocrx_word' id='word_1_42' title='bbox 1110 990 1221 1051; x_wconf 88' lang='lat' dir='ltr'>autem</span> <span class='ocrx_word' id='word_1_43' title='bbox 1232 987 1427 1070; x_wconf 82' lang='lat' dir='ltr'>argumento</span> <span class='ocrx_word' id='word_1_44' title='bbox 1436 979 1633 1048; x_wconf 83' lang='lat' dir='ltr'>Miitzellius</span> <span class='ocrx_word' id='word_1_45' title='bbox 1646 976 1687 1063; x_wconf 89' lang='lat' dir='ltr'>(l.</span> 
     </span>
     <span class='ocr_line' id='line_1_7' title="bbox 373 1082 1690 1176; baseline -0.005 -21"><span class='ocrx_word' id='word_1_46' title='bbox 373 1089 396 1156; x_wconf 94' lang='lat' dir='ltr'>l.</span> <span class='ocrx_word' id='word_1_47' title='bbox 408 1111 441 1176; x_wconf 88' lang='lat' dir='ltr'>p.</span> <span class='ocrx_word' id='word_1_48' title='bbox 452 1089 530 1174; x_wconf 84' lang='lat'>481)</span> <span class='ocrx_word' id='word_1_49' title='bbox 547 1087 680 1169; x_wconf 87' lang='lat' dir='ltr'>nititur,</span> <span class='ocrx_word' id='word_1_50' title='bbox 703 1092 744 1156; x_wconf 87' lang='lat' dir='ltr'>ut</span> <span class='ocrx_word' id='word_1_51' title='bbox 757 1112 789 1155; x_wconf 92' lang='lat' dir='ltr'>v.</span> <span class='ocrx_word' id='word_1_52' title='bbox 802 1088 904 1170; x_wconf 76' lang='lat' dir='ltr'>513s4</span> <span class='ocrx_word' id='word_1_53' title='bbox 922 1088 1053 1155; x_wconf 89' lang='lat' dir='ltr'>omnino</span> <span class='ocrx_word' id='word_1_54' title='bbox 1066 1088 1214 1155; x_wconf 84' lang='lat' dir='ltr'>Hesiodo</span> <span class='ocrx_word' id='word_1_55' title='bbox 1231 1086 1410 1169; x_wconf 90' lang='lat' dir='ltr'>abiudicet,</span> <span class='ocrx_word' id='word_1_56' title='bbox 1421 1085 1550 1153; x_wconf 90' lang='lat' dir='ltr'>nullum</span> <span class='ocrx_word' id='word_1_57' title='bbox 1562 1090 1625 1151; x_wconf 83' lang='lat' dir='ltr'>est</span> <span class='ocrx_word' id='word_1_58' title='bbox 1648 1082 1690 1148; x_wconf 90' lang='lat' dir='ltr'>in</span> 
     </span>
     <span class='ocr_line' id='line_1_8' title="bbox 373 1189 1689 1283; baseline -0.005 -22"><span class='ocrx_word' id='word_1_59' title='bbox 373 1193 476 1261; x_wconf 87' lang='lat' dir='ltr'>verbo</span> <span class='ocrx_word' id='word_1_60' title='bbox 499 1192 669 1279; x_wconf 72' lang='grc' dir='ltr'><strong><em>παρθένος</em></strong></span> <span class='ocrx_word' id='word_1_61' title='bbox 691 1193 781 1281; x_wconf 89' lang='grc'><strong>(514)</strong></span> <span class='ocrx_word' id='word_1_62' title='bbox 798 1193 951 1277; x_wconf 88' lang='lat' dir='ltr'>offendit,</span> <span class='ocrx_word' id='word_1_63' title='bbox 973 1193 1063 1283; x_wconf 90' lang='lat' dir='ltr'>quod</span> <span class='ocrx_word' id='word_1_64' title='bbox 1088 1194 1233 1274; x_wconf 72' lang='lat' dir='ltr'>‘nullum</span> <span class='ocrx_word' id='word_1_65' title='bbox 1258 1193 1379 1282; x_wconf 88' lang='lat' dir='ltr'>inquit,</span> <span class='ocrx_word' id='word_1_66' title='bbox 1402 1193 1492 1259; x_wconf 75' lang='lat' dir='ltr'>tabu</span> <span class='ocrx_word' id='word_1_67' title='bbox 1512 1189 1689 1257; x_wconf 77' lang='lat' dir='ltr'>sententiae</span> 
     </span>
     <span class='ocr_line' id='line_1_9' title="bbox 376 1294 1691 1383; baseline -0.005 -16"><span class='ocrx_word' id='word_1_68' title='bbox 376 1305 571 1382; x_wconf 77' lang='lat' dir='ltr'>momentum,</span> <span class='ocrx_word' id='word_1_69' title='bbox 596 1349 681 1383; x_wconf 86' lang='lat'><strong>.....</strong></span> <span class='ocrx_word' id='word_1_70' title='bbox 704 1306 734 1365; x_wconf 81' lang='lat' dir='ltr'>et</span> <span class='ocrx_word' id='word_1_71' title='bbox 762 1300 868 1382; x_wconf 80' lang='lat' dir='ltr'>ipsum</span> <span class='ocrx_word' id='word_1_72' title='bbox 896 1304 1015 1365; x_wconf 79' lang='lat' dir='ltr'>iustum</span> <span class='ocrx_word' id='word_1_73' title='bbox 1045 1306 1146 1366; x_wconf 86' lang='lat' dir='ltr'>mouet</span> <span class='ocrx_word' id='word_1_74' title='bbox 1176 1298 1407 1381; x_wconf 53' lang='lat' dir='ltr'>suspicionem&amp;</span> <span class='ocrx_word' id='word_1_75' title='bbox 1464 1318 1544 1364; x_wconf 89' lang='lat' dir='ltr'>sane</span> <span class='ocrx_word' id='word_1_76' title='bbox 1575 1294 1691 1362; x_wconf 81' lang='lat' dir='ltr'>dicere</span> 
     </span>
     <span class='ocr_line' id='line_1_10' title="bbox 378 1399 1690 1492; baseline -0.005 -21"><span class='ocrx_word' id='word_1_77' title='bbox 378 1425 515 1471; x_wconf 89' lang='lat' dir='ltr'>necesse</span> <span class='ocrx_word' id='word_1_78' title='bbox 537 1424 604 1470; x_wconf 92' lang='lat' dir='ltr'>non</span> <span class='ocrx_word' id='word_1_79' title='bbox 620 1408 696 1471; x_wconf 87' lang='lat' dir='ltr'>erat</span> <span class='ocrx_word' id='word_1_80' title='bbox 705 1403 847 1492; x_wconf 89' lang='lat' dir='ltr'>primam</span> <span class='ocrx_word' id='word_1_81' title='bbox 862 1404 1029 1487; x_wconf 85' lang='lat' dir='ltr'>feminam,</span> <span class='ocrx_word' id='word_1_82' title='bbox 1053 1404 1095 1471; x_wconf 92' lang='lat' dir='ltr'>de</span> <span class='ocrx_word' id='word_1_83' title='bbox 1107 1426 1173 1492; x_wconf 90' lang='lat' dir='ltr'>qua</span> <span class='ocrx_word' id='word_1_84' title='bbox 1188 1403 1243 1470; x_wconf 90' lang='lat' dir='ltr'>hio</span> <span class='ocrx_word' id='word_1_85' title='bbox 1265 1404 1337 1471; x_wconf 91' lang='lat' dir='ltr'>sine</span> <span class='ocrx_word' id='word_1_86' title='bbox 1353 1402 1454 1470; x_wconf 87' lang='lat' dir='ltr'>dubio</span> <span class='ocrx_word' id='word_1_87' title='bbox 1469 1400 1596 1489; x_wconf 80' lang='lat' dir='ltr'>agitur,</span> <span class='ocrx_word' id='word_1_88' title='bbox 1619 1399 1690 1466; x_wconf 86' lang='lat' dir='ltr'>vir·</span> 
     </span>
     <span class='ocr_line' id='line_1_11' title="bbox 375 1505 1689 1598; baseline -0.005 -22"><span class='ocrx_word' id='word_1_89' title='bbox 375 1508 625 1596; x_wconf 80' lang='lat' dir='ltr'>ginemfsctam</span> <span class='ocrx_word' id='word_1_90' title='bbox 648 1530 733 1576; x_wconf 88' lang='lat' dir='ltr'>esse.</span> <span class='ocrx_word' id='word_1_91' title='bbox 778 1508 909 1598; x_wconf 89' lang='lat' dir='ltr'>quodsi</span> <span class='ocrx_word' id='word_1_92' title='bbox 931 1513 1155 1596; x_wconf 85' lang='lat' dir='ltr'>temenpocta</span> <span class='ocrx_word' id='word_1_93' title='bbox 1176 1509 1269 1588; x_wconf 88' lang='lat' dir='ltr'>dicit,</span> <span class='ocrx_word' id='word_1_94' title='bbox 1294 1508 1428 1575; x_wconf 90' lang='lat' dir='ltr'>dubium</span> <span class='ocrx_word' id='word_1_95' title='bbox 1440 1529 1507 1574; x_wconf 91' lang='lat' dir='ltr'>non</span> <span class='ocrx_word' id='word_1_96' title='bbox 1518 1511 1581 1588; x_wconf 87' lang='lat' dir='ltr'>est,</span> <span class='ocrx_word' id='word_1_97' title='bbox 1605 1505 1689 1593; x_wconf 91' lang='lat' dir='ltr'>quin</span> 
     </span>
     <span class='ocr_line' id='line_1_12' title="bbox 376 1610 1690 1702; baseline -0.004 -22"><span class='ocrx_word' id='word_1_98' title='bbox 376 1614 439 1681; x_wconf 89' lang='lat' dir='ltr'>hoc</span> <span class='ocrx_word' id='word_1_99' title='bbox 461 1613 565 1681; x_wconf 87' lang='lat' dir='ltr'>verbo</span> <span class='ocrx_word' id='word_1_100' title='bbox 589 1612 721 1681; x_wconf 89' lang='lat' dir='ltr'>adiecto</span> <span class='ocrx_word' id='word_1_101' title='bbox 743 1614 820 1702; x_wconf 90' lang='lat' dir='ltr'>ipsa</span> <span class='ocrx_word' id='word_1_102' title='bbox 841 1636 897 1681; x_wconf 88' lang='lat' dir='ltr'>res</span> <span class='ocrx_word' id='word_1_103' title='bbox 921 1615 1024 1681; x_wconf 90' lang='lat' dir='ltr'>etiam</span> <span class='ocrx_word' id='word_1_104' title='bbox 1050 1615 1264 1682; x_wconf 81' lang='lat' dir='ltr'>manifestior</span> <span class='ocrx_word' id='word_1_105' title='bbox 1285 1613 1356 1681; x_wconf 86' lang='lat' dir='ltr'>fiat</span> <span class='ocrx_word' id='word_1_106' title='bbox 1401 1611 1556 1679; x_wconf 90' lang='lat' dir='ltr'>nimirum</span> <span class='ocrx_word' id='word_1_107' title='bbox 1577 1610 1690 1699; x_wconf 88' lang='lat' dir='ltr'>prima</span> 
     </span>
     <span class='ocr_line' id='line_1_13' title="bbox 374 1717 1689 1807; baseline -0.003 -22"><span class='ocrx_word' id='word_1_108' title='bbox 374 1718 495 1787; x_wconf 89' lang='lat' dir='ltr'>mulier</span> <span class='ocrx_word' id='word_1_109' title='bbox 516 1718 614 1805; x_wconf 83' lang='lat' dir='ltr'>virgo</span> <span class='ocrx_word' id='word_1_110' title='bbox 637 1724 722 1786; x_wconf 88' lang='lat' dir='ltr'>erat.</span> <span class='ocrx_word' id='word_1_111' title='bbox 757 1718 970 1807; x_wconf 88' lang='lat' dir='ltr'>qnodautem</span> <span class='ocrx_word' id='word_1_112' title='bbox 993 1719 1036 1788; x_wconf 91' lang='lat' dir='ltr'>ad</span> <span class='ocrx_word' id='word_1_113' title='bbox 1049 1719 1155 1787; x_wconf 90' lang='lat' dir='ltr'>verba</span> <span class='ocrx_word' id='word_1_114' title='bbox 1177 1731 1319 1804; x_wconf 74' lang='grc' dir='ltr'><strong><em>γυναῖκα</em></strong></span> <span class='ocrx_word' id='word_1_115' title='bbox 1340 1718 1514 1803; x_wconf 77' lang='grc' dir='ltr'><strong><em>παρθένον</em></strong></span> <span class='ocrx_word' id='word_1_116' title='bbox 1535 1717 1627 1783; x_wconf 88' lang='lat' dir='ltr'>inter</span> <span class='ocrx_word' id='word_1_117' title='bbox 1649 1736 1689 1782; x_wconf 88' lang='lat' dir='ltr'>se</span> 
     </span>
     <span class='ocr_line' id='line_1_14' title="bbox 374 1820 1688 1912; baseline -0.004 -21"><span class='ocrx_word' id='word_1_118' title='bbox 374 1824 551 1891; x_wconf 88' lang='lat' dir='ltr'>coniuncta</span> <span class='ocrx_word' id='word_1_119' title='bbox 571 1823 705 1907; x_wconf 78' lang='lat' dir='ltr'>attinet,</span> <span class='ocrx_word' id='word_1_120' title='bbox 722 1846 822 1912; x_wconf 90' lang='lat' dir='ltr'>quam</span> <span class='ocrx_word' id='word_1_121' title='bbox 833 1823 959 1892; x_wconf 88' lang='lat' dir='ltr'>iustam</span> <span class='ocrx_word' id='word_1_122' title='bbox 976 1823 1198 1912; x_wconf 89' lang='lat' dir='ltr'>suspicionem</span> <span class='ocrx_word' id='word_1_123' title='bbox 1221 1830 1379 1891; x_wconf 89' lang='lat' dir='ltr'>moveant</span> <span class='ocrx_word' id='word_1_124' title='bbox 1394 1823 1516 1889; x_wconf 91' lang='lat' dir='ltr'>nescio.</span> <span class='ocrx_word' id='word_1_125' title='bbox 1551 1820 1688 1909; x_wconf 87' lang='lat' dir='ltr'>saepius</span> 
     </span>
     <span class='ocr_line' id='line_1_15' title="bbox 375 1925 1688 2013; baseline -0.003 -17"><span class='ocrx_word' id='word_1_126' title='bbox 375 1928 463 1996; x_wconf 91' lang='lat' dir='ltr'>enim</span> <span class='ocrx_word' id='word_1_127' title='bbox 487 1928 626 1995; x_wconf 85' lang='lat' dir='ltr'>verbum</span> <span class='ocrx_word' id='word_1_128' title='bbox 648 1932 735 2013; x_wconf 76' lang='grc' dir='ltr'>γυνή</span> <span class='ocrx_word' id='word_1_129' title='bbox 758 1929 859 1996; x_wconf 89' lang='lat' dir='ltr'>etiam</span> <span class='ocrx_word' id='word_1_130' title='bbox 883 1929 926 1997; x_wconf 91' lang='lat' dir='ltr'>ab</span> <span class='ocrx_word' id='word_1_131' title='bbox 949 1929 1097 1997; x_wconf 89' lang='lat' dir='ltr'>Homero</span> <span class='ocrx_word' id='word_1_132' title='bbox 1120 1951 1194 1996; x_wconf 89' lang='lat' dir='ltr'>eum</span> <span class='ocrx_word' id='word_1_133' title='bbox 1223 1928 1291 1996; x_wconf 87' lang='lat' dir='ltr'>aliu</span> <span class='ocrx_word' id='word_1_134' title='bbox 1315 1928 1528 1996; x_wconf 86' lang='lat' dir='ltr'>substantivo</span> <span class='ocrx_word' id='word_1_135' title='bbox 1552 1925 1688 1994; x_wconf 90' lang='lat' dir='ltr'>coniun-</span> 
     </span>
     <span class='ocr_line' id='line_1_16' title="bbox 375 2032 1689 2120; baseline -0.002 -21"><span class='ocrx_word' id='word_1_136' title='bbox 375 2033 478 2119; x_wconf 78' lang='lat' dir='ltr'>gitur,</span> <span class='ocrx_word' id='word_1_137' title='bbox 499 2033 683 2118; x_wconf 69' lang='lat' dir='ltr'>sicutyour)</span> <span class='ocrx_word' id='word_1_138' title='bbox 693 2037 803 2118; x_wconf 82' lang='grc' dir='ltr'><em>ταμίη,</em></span> <span class='ocrx_word' id='word_1_139' title='bbox 817 2035 904 2118; x_wconf 79' lang='grc' dir='ltr'>γυνὴ</span> <span class='ocrx_word' id='word_1_140' title='bbox 917 2034 1058 2120; x_wconf 78' lang='grc' dir='ltr'><strong><em>ἀλετρίς,</em></strong></span> <span class='ocrx_word' id='word_1_141' title='bbox 1074 2036 1161 2119; x_wconf 79' lang='grc' dir='ltr'>γυνὴ</span> <span class='ocrx_word' id='word_1_142' title='bbox 1176 2033 1292 2120; x_wconf 63' lang='lat' dir='ltr'>ypepis,</span> <span class='ocrx_word' id='word_1_143' title='bbox 1306 2033 1395 2120; x_wconf 81' lang='lat' dir='ltr'>quod</span> <span class='ocrx_word' id='word_1_144' title='bbox 1409 2032 1563 2099; x_wconf 89' lang='lat' dir='ltr'>ultimum</span> <span class='ocrx_word' id='word_1_145' title='bbox 1579 2052 1689 2098; x_wconf 86' lang='lat' dir='ltr'>exem·</span> 
     </span>
     <span class='ocr_line' id='line_1_17' title="bbox 374 2136 1689 2227; baseline -0.002 -23"><span class='ocrx_word' id='word_1_146' title='bbox 374 2137 466 2226; x_wconf 90' lang='lat' dir='ltr'>plum</span> <span class='ocrx_word' id='word_1_147' title='bbox 480 2137 523 2204; x_wconf 87' lang='lat' dir='ltr'>sd</span> <span class='ocrx_word' id='word_1_148' title='bbox 534 2137 634 2204; x_wconf 91' lang='lat' dir='ltr'>huius</span> <span class='ocrx_word' id='word_1_149' title='bbox 646 2137 711 2203; x_wconf 91' lang='lat' dir='ltr'>loci</span> <span class='ocrx_word' id='word_1_150' title='bbox 721 2138 923 2205; x_wconf 88' lang='lat' dir='ltr'>sententiam</span> <span class='ocrx_word' id='word_1_151' title='bbox 935 2160 1039 2227; x_wconf 90' lang='lat' dir='ltr'>prope</span> <span class='ocrx_word' id='word_1_152' title='bbox 1052 2139 1189 2206; x_wconf 86' lang='lat' dir='ltr'>accedit</span> <span class='ocrx_word' id='word_1_153' title='bbox 1203 2140 1319 2226; x_wconf 90' lang='lat' dir='ltr'>itaque</span> <span class='ocrx_word' id='word_1_154' title='bbox 1332 2138 1373 2205; x_wconf 90' lang='lat' dir='ltr'>de</span> <span class='ocrx_word' id='word_1_155' title='bbox 1385 2138 1438 2204; x_wconf 90' lang='lat' dir='ltr'>his</span> <span class='ocrx_word' id='word_1_156' title='bbox 1449 2136 1605 2204; x_wconf 88' lang='lat' dir='ltr'>versibus</span> <span class='ocrx_word' id='word_1_157' title='bbox 1615 2158 1689 2202; x_wconf 88' lang='lat' dir='ltr'>sus·</span> 
     </span>
     <span class='ocr_line' id='line_1_18' title="bbox 377 2241 1689 2331; baseline -0.001 -24"><span class='ocrx_word' id='word_1_158' title='bbox 377 2242 540 2331; x_wconf 91' lang='lat' dir='ltr'>picionem</span> <span class='ocrx_word' id='word_1_159' title='bbox 564 2263 698 2309; x_wconf 88' lang='lat' dir='ltr'>movere</span> <span class='ocrx_word' id='word_1_160' title='bbox 716 2264 782 2309; x_wconf 90' lang='lat' dir='ltr'>non</span> <span class='ocrx_word' id='word_1_161' title='bbox 804 2242 895 2311; x_wconf 90' lang='lat' dir='ltr'>licet.</span> <span class='ocrx_word' id='word_1_162' title='bbox 942 2244 1044 2311; x_wconf 89' lang='lat' dir='ltr'>etiam</span> <span class='ocrx_word' id='word_1_163' title='bbox 1059 2265 1177 2311; x_wconf 88' lang='lat' dir='ltr'>versus</span> <span class='ocrx_word' id='word_1_164' title='bbox 1200 2249 1378 2331; x_wconf 82' lang='lat' dir='ltr'>sequentes</span> <span class='ocrx_word' id='word_1_165' title='bbox 1391 2247 1470 2331; x_wconf 87' lang='lat' dir='ltr'>apte</span> <span class='ocrx_word' id='word_1_166' title='bbox 1493 2241 1689 2322; x_wconf 88' lang='lat' dir='ltr'>decurrunt,</span> 
     </span>
     <span class='ocr_line' id='line_1_19' title="bbox 376 2343 1690 2436; baseline -0.001 -23"><span class='ocrx_word' id='word_1_167' title='bbox 376 2346 497 2435; x_wconf 89' lang='lat' dir='ltr'>quibus</span> <span class='ocrx_word' id='word_1_168' title='bbox 521 2345 601 2434; x_wconf 89' lang='lat' dir='ltr'>quid</span> <span class='ocrx_word' id='word_1_169' title='bbox 613 2343 801 2414; x_wconf 87' lang='lat' dir='ltr'>Menoetius</span> <span class='ocrx_word' id='word_1_170' title='bbox 826 2352 861 2415; x_wconf 90' lang='lat' dir='ltr'>et</span> <span class='ocrx_word' id='word_1_171' title='bbox 872 2347 977 2416; x_wconf 88' lang='lat' dir='ltr'>Atlas</span> <span class='ocrx_word' id='word_1_172' title='bbox 993 2348 1087 2436; x_wconf 86' lang='lat' dir='ltr'>passi</span> <span class='ocrx_word' id='word_1_173' title='bbox 1110 2348 1181 2416; x_wconf 91' lang='lat' dir='ltr'>sint</span> <span class='ocrx_word' id='word_1_174' title='bbox 1198 2348 1368 2415; x_wconf 89' lang='lat' dir='ltr'>Hesiodus</span> <span class='ocrx_word' id='word_1_175' title='bbox 1390 2347 1536 2435; x_wconf 86' lang='lat' dir='ltr'>exponit</span> <span class='ocrx_word' id='word_1_176' title='bbox 1580 2366 1690 2434; x_wconf 89' lang='lat' dir='ltr'>neque</span> 
     </span>
     <span class='ocr_line' id='line_1_20' title="bbox 376 2449 1690 2541; baseline -0.001 -24"><span class='ocrx_word' id='word_1_177' title='bbox 376 2449 561 2540; x_wconf 84' lang='lat' dir='ltr'>quibusda</span> <span class='ocrx_word' id='word_1_178' title='bbox 584 2451 694 2518; x_wconf 88' lang='lat' dir='ltr'>causis</span> <span class='ocrx_word' id='word_1_179' title='bbox 717 2455 860 2540; x_wconf 88' lang='lat' dir='ltr'>uterque</span> <span class='ocrx_word' id='word_1_180' title='bbox 890 2475 910 2519; x_wconf 88' lang='lat' dir='ltr'>a</span> <span class='ocrx_word' id='word_1_181' title='bbox 933 2452 1016 2520; x_wconf 89' lang='lat' dir='ltr'>Iove</span> <span class='ocrx_word' id='word_1_182' title='bbox 1047 2453 1094 2520; x_wconf 91' lang='lat' dir='ltr'>sit</span> <span class='ocrx_word' id='word_1_183' title='bbox 1122 2452 1260 2541; x_wconf 89' lang='lat' dir='ltr'>punitus</span> <span class='ocrx_word' id='word_1_184' title='bbox 1283 2452 1452 2520; x_wconf 90' lang='lat' dir='ltr'>Hesiodus</span> <span class='ocrx_word' id='word_1_185' title='bbox 1480 2455 1600 2519; x_wconf 86' lang='lat' dir='ltr'>narrat</span> <span class='ocrx_word' id='word_1_186' title='bbox 1621 2449 1690 2517; x_wconf 89' lang='lat' dir='ltr'>nisi</span> 
     </span>
     <span class='ocr_line' id='line_1_21' title="bbox 375 2554 1689 2646; baseline -0.001 -24"><span class='ocrx_word' id='word_1_187' title='bbox 375 2557 483 2644; x_wconf 89' lang='lat' dir='ltr'>ipsam</span> <span class='ocrx_word' id='word_1_188' title='bbox 499 2577 612 2622; x_wconf 90' lang='lat' dir='ltr'>eorum</span> <span class='ocrx_word' id='word_1_189' title='bbox 627 2561 784 2623; x_wconf 88' lang='lat' dir='ltr'>naturam</span> <span class='ocrx_word' id='word_1_190' title='bbox 796 2557 954 2646; x_wconf 90' lang='lat' dir='ltr'>supplicii</span> <span class='ocrx_word' id='word_1_191' title='bbox 969 2579 1105 2625; x_wconf 87' lang='lat' dir='ltr'>causam</span> <span class='ocrx_word' id='word_1_192' title='bbox 1120 2558 1227 2625; x_wconf 85' lang='lat' dir='ltr'>fuisse</span> <span class='ocrx_word' id='word_1_193' title='bbox 1243 2557 1405 2645; x_wconf 85' lang='lat' dir='ltr'>epithetis</span> <span class='ocrx_word' id='word_1_194' title='bbox 1418 2555 1561 2624; x_wconf 88' lang='lat' dir='ltr'>adiectis</span> <span class='ocrx_word' id='word_1_195' title='bbox 1584 2554 1689 2641; x_wconf 83' lang='lat' dir='ltr'>signi·</span> 
     </span>
     <span class='ocr_line' id='line_1_22' title="bbox 375 2658 1689 2750; baseline 0.001 -24"><span class='ocrx_word' id='word_1_196' title='bbox 375 2660 464 2727; x_wconf 84' lang='lat' dir='ltr'>licat.</span> <span class='ocrx_word' id='word_1_197' title='bbox 487 2658 691 2729; x_wconf 87' lang='lat' dir='ltr'>Menoetium</span> <span class='ocrx_word' id='word_1_198' title='bbox 706 2660 744 2727; x_wconf 80' lang='grc' dir='ltr'>ἐν</span> <span class='ocrx_word' id='word_1_199' title='bbox 758 2671 798 2749; x_wconf 75' lang='grc' dir='ltr'>τῇ</span> <span class='ocrx_word' id='word_1_200' title='bbox 817 2665 1040 2750; x_wconf 78' lang='grc' dir='ltr'><strong><em>Τιτανομαχίᾳ</em></strong></span> <span class='ocrx_word' id='word_1_201' title='bbox 1057 2663 1092 2728; x_wconf 93' lang='lat' dir='ltr'>in</span> <span class='ocrx_word' id='word_1_202' title='bbox 1103 2661 1286 2729; x_wconf 82' lang='lat' dir='ltr'>Tartarum</span> <span class='ocrx_word' id='word_1_203' title='bbox 1302 2684 1377 2729; x_wconf 87' lang='lat' dir='ltr'>esse</span> <span class='ocrx_word' id='word_1_204' title='bbox 1393 2661 1556 2729; x_wconf 88' lang='lat' dir='ltr'>deiectum</span> <span class='ocrx_word' id='word_1_205' title='bbox 1568 2665 1689 2727; x_wconf 87' lang='lat' dir='ltr'>narrat</span> 
     </span>
     <span class='ocr_line' id='line_1_23' title="bbox 375 2764 1687 2854; baseline 0 -23"><span class='ocrx_word' id='word_1_206' title='bbox 375 2764 604 2852; x_wconf 90' lang='lat' dir='ltr'>Apollodorus</span> <span class='ocrx_word' id='word_1_207' title='bbox 620 2765 714 2850; x_wconf 81' lang='lat' dir='ltr'>(bibl.</span> <span class='ocrx_word' id='word_1_208' title='bbox 729 2766 759 2832; x_wconf 93' lang='grc' dir='ltr'>Ι.</span> <span class='ocrx_word' id='word_1_209' title='bbox 775 2766 810 2849; x_wconf 84' lang='grc'>2)</span> <span class='ocrx_word' id='word_1_210' title='bbox 835 2806 877 2817; x_wconf 90' lang='grc'>-</span> <span class='ocrx_word' id='word_1_211' title='bbox 902 2789 968 2853; x_wconf 87' lang='lat' dir='ltr'>qua</span> <span class='ocrx_word' id='word_1_212' title='bbox 987 2767 1027 2833; x_wconf 91' lang='lat' dir='ltr'>de</span> <span class='ocrx_word' id='word_1_213' title='bbox 1048 2790 1084 2834; x_wconf 88' lang='lat' dir='ltr'>re</span> <span class='ocrx_word' id='word_1_214' title='bbox 1107 2789 1149 2834; x_wconf 86' lang='lat' dir='ltr'>ex</span> <span class='ocrx_word' id='word_1_215' title='bbox 1165 2767 1313 2834; x_wconf 89' lang='lat' dir='ltr'>Hesiodo</span> <span class='ocrx_word' id='word_1_216' title='bbox 1326 2767 1411 2833; x_wconf 92' lang='lat' dir='ltr'>nihil</span> <span class='ocrx_word' id='word_1_217' title='bbox 1422 2766 1639 2854; x_wconf 86' lang='lat' dir='ltr'>comperimus</span> <span class='ocrx_word' id='word_1_218' title='bbox 1651 2765 1687 2846; x_wconf 88' lang='lat'>¹).</span> 
     </span>
     <span class='ocr_line' id='line_1_24' title="bbox 375 2868 1687 2960; baseline 0 -25"><span class='ocrx_word' id='word_1_219' title='bbox 375 2890 482 2957; x_wconf 90' lang='lat' dir='ltr'>neque</span> <span class='ocrx_word' id='word_1_220' title='bbox 494 2868 536 2936; x_wconf 94' lang='lat' dir='ltr'>de</span> <span class='ocrx_word' id='word_1_221' title='bbox 548 2869 704 2936; x_wconf 90' lang='lat' dir='ltr'>Atlantis</span> <span class='ocrx_word' id='word_1_222' title='bbox 717 2869 854 2936; x_wconf 89' lang='lat' dir='ltr'>erimine</span> <span class='ocrx_word' id='word_1_223' title='bbox 866 2870 1042 2958; x_wconf 89' lang='lat' dir='ltr'>quicquam</span> <span class='ocrx_word' id='word_1_224' title='bbox 1054 2870 1138 2937; x_wconf 89' lang='lat' dir='ltr'>dicit</span> <span class='ocrx_word' id='word_1_225' title='bbox 1148 2878 1258 2959; x_wconf 87' lang='lat' dir='ltr'>poete,</span> <span class='ocrx_word' id='word_1_226' title='bbox 1273 2893 1472 2960; x_wconf 86' lang='lat' dir='ltr'>quamquam</span> <span class='ocrx_word' id='word_1_227' title='bbox 1485 2869 1587 2937; x_wconf 85' lang='lat' dir='ltr'>aliter</span> <span class='ocrx_word' id='word_1_228' title='bbox 1599 2869 1687 2937; x_wconf 90' lang='lat' dir='ltr'>etde</span> 
     </span>
     <span class='ocr_line' id='line_1_25' title="bbox 377 2972 1685 3063; baseline 0.001 -24"><span class='ocrx_word' id='word_1_229' title='bbox 377 2972 544 3040; x_wconf 86' lang='lat' dir='ltr'>Menoetio</span> <span class='ocrx_word' id='word_1_230' title='bbox 561 2978 596 3040; x_wconf 90' lang='lat' dir='ltr'>et</span> <span class='ocrx_word' id='word_1_231' title='bbox 612 2973 652 3039; x_wconf 94' lang='lat' dir='ltr'>de</span> <span class='ocrx_word' id='word_1_232' title='bbox 667 2972 812 3041; x_wconf 89' lang='lat' dir='ltr'>Atlante</span> <span class='ocrx_word' id='word_1_233' title='bbox 829 2973 958 3041; x_wconf 83' lang='lat' dir='ltr'>iudicat</span> <span class='ocrx_word' id='word_1_234' title='bbox 973 2974 1144 3042; x_wconf 83' lang='lat' dir='ltr'>Robertus</span> <span class='ocrx_word' id='word_1_235' title='bbox 1160 2976 1207 3062; x_wconf 90' lang='lat' dir='ltr'>(iu</span> <span class='ocrx_word' id='word_1_236' title='bbox 1219 2975 1365 3042; x_wconf 87' lang='lat' dir='ltr'>Prelleri</span> <span class='ocrx_word' id='word_1_237' title='bbox 1384 2976 1464 3043; x_wconf 91' lang='lat' dir='ltr'>hist.</span> <span class='ocrx_word' id='word_1_238' title='bbox 1474 2974 1580 3063; x_wconf 87' lang='lat' dir='ltr'>myth.</span> <span class='ocrx_word' id='word_1_239' title='bbox 1595 2974 1636 3040; x_wconf 83' lang='lat'>1⁴</span> <span class='ocrx_word' id='word_1_240' title='bbox 1654 2998 1685 3061; x_wconf 90' lang='lat' dir='ltr'>p.</span> 
     </span>
     <span class='ocr_line' id='line_1_26' title="bbox 374 3076 1686 3167; baseline 0 -23"><span class='ocrx_word' id='word_1_241' title='bbox 374 3077 493 3144; x_wconf 86' lang='lat' dir='ltr'>48adn</span> <span class='ocrx_word' id='word_1_242' title='bbox 505 3076 558 3163; x_wconf 87' lang='lat'>1.).</span> <span class='ocrx_word' id='word_1_243' title='bbox 583 3102 615 3145; x_wconf 90' lang='lat' dir='ltr'>v.</span> <span class='ocrx_word' id='word_1_244' title='bbox 627 3078 701 3161; x_wconf 85' lang='lat'>517,</span> <span class='ocrx_word' id='word_1_245' title='bbox 716 3100 812 3167; x_wconf 91' lang='lat' dir='ltr'>quem</span> <span class='ocrx_word' id='word_1_246' title='bbox 821 3079 933 3162; x_wconf 82' lang='lat' dir='ltr'>affert,</span> <span class='ocrx_word' id='word_1_247' title='bbox 946 3087 985 3145; x_wconf 89' lang='lat' dir='ltr'>ut</span> <span class='ocrx_word' id='word_1_248' title='bbox 992 3078 1172 3147; x_wconf 90' lang='lat' dir='ltr'>Atlantem</span> <span class='ocrx_word' id='word_1_249' title='bbox 1183 3081 1285 3147; x_wconf 89' lang='lat' dir='ltr'>etiam</span> <span class='ocrx_word' id='word_1_250' title='bbox 1297 3080 1387 3167; x_wconf 89' lang='lat' dir='ltr'>apud</span> <span class='ocrx_word' id='word_1_251' title='bbox 1397 3079 1581 3146; x_wconf 90' lang='lat' dir='ltr'>Hesiodum</span> <span class='ocrx_word' id='word_1_252' title='bbox 1589 3101 1686 3166; x_wconf 89' lang='lat' dir='ltr'>prop·</span> 
     </span>
     <span class='ocr_line' id='line_1_27' title="bbox 376 3179 1686 3270; baseline -0.002 -21"><span class='ocrx_word' id='word_1_253' title='bbox 376 3187 432 3249; x_wconf 86' lang='lat' dir='ltr'>ter</span> <span class='ocrx_word' id='word_1_254' title='bbox 447 3179 735 3248; x_wconf 77' lang='lat' dir='ltr'>Titanomachiam</span> <span class='ocrx_word' id='word_1_255' title='bbox 752 3183 903 3270; x_wconf 88' lang='lat' dir='ltr'>punitum</span> <span class='ocrx_word' id='word_1_256' title='bbox 925 3205 1000 3250; x_wconf 89' lang='lat' dir='ltr'>esse</span> <span class='ocrx_word' id='word_1_257' title='bbox 1021 3184 1201 3266; x_wconf 81' lang='lat' dir='ltr'>confimat,</span> <span class='ocrx_word' id='word_1_258' title='bbox 1226 3184 1310 3250; x_wconf 92' lang='lat' dir='ltr'>nihil</span> <span class='ocrx_word' id='word_1_259' title='bbox 1332 3184 1425 3251; x_wconf 88' lang='lat' dir='ltr'>aliud</span> <span class='ocrx_word' id='word_1_260' title='bbox 1444 3183 1526 3250; x_wconf 89' lang='lat' dir='ltr'>dicit</span> <span class='ocrx_word' id='word_1_261' title='bbox 1547 3183 1611 3249; x_wconf 90' lang='lat' dir='ltr'>nisi</span> <span class='ocrx_word' id='word_1_262' title='bbox 1624 3183 1686 3248; x_wconf 89' lang='lat' dir='ltr'>At·</span> 
     </span>
     <span class='ocr_line' id='line_1_28' title="bbox 377 3285 1686 3373; baseline 0.002 -22"><span class='ocrx_word' id='word_1_263' title='bbox 377 3285 504 3352; x_wconf 89' lang='lat' dir='ltr'>lantem</span> <span class='ocrx_word' id='word_1_264' title='bbox 526 3291 666 3373; x_wconf 87' lang='lat' dir='ltr'>propter</span> <span class='ocrx_word' id='word_1_265' title='bbox 679 3286 786 3353; x_wconf 89' lang='lat' dir='ltr'>diram</span> <span class='ocrx_word' id='word_1_266' title='bbox 797 3287 1034 3355; x_wconf 89' lang='lat' dir='ltr'>necessitatem</span> <span class='ocrx_word' id='word_1_267' title='bbox 1048 3288 1175 3354; x_wconf 85' lang='lat' dir='ltr'>caelum</span> <span class='ocrx_word' id='word_1_268' title='bbox 1197 3289 1298 3356; x_wconf 83' lang='lat' dir='ltr'>ferre.</span> <span class='ocrx_word' id='word_1_269' title='bbox 1344 3289 1458 3356; x_wconf 91' lang='lat' dir='ltr'>eodem</span> <span class='ocrx_word' id='word_1_270' title='bbox 1474 3287 1571 3354; x_wconf 93' lang='lat' dir='ltr'>modo</span> <span class='ocrx_word' id='word_1_271' title='bbox 1588 3287 1686 3354; x_wconf 89' lang='lat' dir='ltr'>ctiam</span> 
     </span>
     <span class='ocr_line' id='line_1_29' title="bbox 376 3388 1685 3480; baseline 0.001 -25"><span class='ocrx_word' id='word_1_272' title='bbox 376 3388 578 3457; x_wconf 89' lang='lat' dir='ltr'>Menoetium</span> <span class='ocrx_word' id='word_1_273' title='bbox 597 3393 738 3478; x_wconf 86' lang='lat' dir='ltr'>propter</span> <span class='ocrx_word' id='word_1_274' title='bbox 750 3391 942 3479; x_wconf 90' lang='lat' dir='ltr'>superbiam</span> <span class='ocrx_word' id='word_1_275' title='bbox 961 3392 1115 3480; x_wconf 89' lang='lat' dir='ltr'>punitum</span> <span class='ocrx_word' id='word_1_276' title='bbox 1127 3415 1201 3460; x_wconf 91' lang='lat' dir='ltr'>esse</span> <span class='ocrx_word' id='word_1_277' title='bbox 1217 3393 1368 3460; x_wconf 91' lang='lat' dir='ltr'>traditur</span> <span class='ocrx_word' id='word_1_278' title='bbox 1380 3414 1481 3459; x_wconf 90' lang='lat' dir='ltr'>versu</span> <span class='ocrx_word' id='word_1_279' title='bbox 1501 3392 1574 3473; x_wconf 89' lang='grc'><strong>514,</strong></span> <span class='ocrx_word' id='word_1_280' title='bbox 1592 3414 1685 3480; x_wconf 89' lang='lat' dir='ltr'>quem</span> 
     </span>
     <span class='ocr_line' id='line_1_30' title="bbox 376 3493 1686 3586; baseline 0.002 -26"><span class='ocrx_word' id='word_1_281' title='bbox 376 3493 524 3580; x_wconf 85' lang='lat' dir='ltr'>explieat</span> <span class='ocrx_word' id='word_1_282' title='bbox 535 3518 565 3561; x_wconf 89' lang='lat' dir='ltr'>v.</span> <span class='ocrx_word' id='word_1_283' title='bbox 577 3494 651 3561; x_wconf 85' lang='grc'><strong>516.</strong></span> <span class='ocrx_word' id='word_1_284' title='bbox 661 3501 839 3583; x_wconf 89' lang='lat' dir='ltr'>utrumque</span> <span class='ocrx_word' id='word_1_285' title='bbox 849 3497 884 3562; x_wconf 93' lang='lat' dir='ltr'>in</span> <span class='ocrx_word' id='word_1_286' title='bbox 896 3496 1010 3564; x_wconf 90' lang='lat' dir='ltr'>Iovem</span> <span class='ocrx_word' id='word_1_287' title='bbox 1022 3497 1265 3586; x_wconf 86' lang='lat' dir='ltr'>peccasseluce</span> <span class='ocrx_word' id='word_1_288' title='bbox 1277 3496 1403 3564; x_wconf 89' lang='lat' dir='ltr'>clarius</span> <span class='ocrx_word' id='word_1_289' title='bbox 1413 3504 1476 3579; x_wconf 88' lang='lat' dir='ltr'>est,</span> <span class='ocrx_word' id='word_1_290' title='bbox 1488 3496 1547 3563; x_wconf 89' lang='lat' dir='ltr'>sed</span> <span class='ocrx_word' id='word_1_291' title='bbox 1556 3496 1686 3584; x_wconf 86' lang='lat' dir='ltr'>quando</span> 
     </span>
     <span class='ocr_line' id='line_1_31' title="bbox 376 3598 1687 3689; baseline 0.002 -25"><span class='ocrx_word' id='word_1_292' title='bbox 376 3605 436 3665; x_wconf 91' lang='lat' dir='ltr'>aut</span> <span class='ocrx_word' id='word_1_293' title='bbox 458 3598 515 3664; x_wconf 90' lang='lat' dir='ltr'>ubi</span> <span class='ocrx_word' id='word_1_294' title='bbox 538 3599 754 3686; x_wconf 87' lang='lat' dir='ltr'>peccaverint</span> <span class='ocrx_word' id='word_1_295' title='bbox 782 3606 874 3667; x_wconf 86' lang='lat' dir='ltr'>tacet</span> <span class='ocrx_word' id='word_1_296' title='bbox 896 3606 1008 3689; x_wconf 87' lang='lat' dir='ltr'>poeta.</span> <span class='ocrx_word' id='word_1_297' title='bbox 1053 3601 1339 3670; x_wconf 79' lang='lat' dir='ltr'>Titanomachiam</span> <span class='ocrx_word' id='word_1_298' title='bbox 1371 3601 1458 3667; x_wconf 88' lang='lat' dir='ltr'>enim</span> <span class='ocrx_word' id='word_1_299' title='bbox 1481 3601 1605 3669; x_wconf 87' lang='lat' dir='ltr'>afferre</span> <span class='ocrx_word' id='word_1_300' title='bbox 1627 3602 1687 3667; x_wconf 93' lang='lat' dir='ltr'>hoc</span> 
     </span>
     <span class='ocr_line' id='line_1_32' title="bbox 379 3702 1684 3793; baseline 0.002 -25"><span class='ocrx_word' id='word_1_301' title='bbox 379 3702 512 3789; x_wconf 88' lang='lat' dir='ltr'>quidem</span> <span class='ocrx_word' id='word_1_302' title='bbox 534 3703 607 3771; x_wconf 91' lang='lat' dir='ltr'>locu</span> <span class='ocrx_word' id='word_1_303' title='bbox 618 3703 763 3771; x_wconf 89' lang='lat' dir='ltr'>alienum</span> <span class='ocrx_word' id='word_1_304' title='bbox 774 3705 904 3771; x_wconf 92' lang='lat' dir='ltr'>omnino</span> <span class='ocrx_word' id='word_1_305' title='bbox 917 3706 1025 3773; x_wconf 85' lang='lat' dir='ltr'>fuisse</span> <span class='ocrx_word' id='word_1_306' title='bbox 1040 3730 1061 3774; x_wconf 88' lang='lat' dir='ltr'>a</span> <span class='ocrx_word' id='word_1_307' title='bbox 1075 3712 1197 3793; x_wconf 87' lang='lat' dir='ltr'>poetae</span> <span class='ocrx_word' id='word_1_308' title='bbox 1207 3706 1345 3774; x_wconf 88' lang='lat' dir='ltr'>consilio</span> <span class='ocrx_word' id='word_1_309' title='bbox 1360 3705 1521 3792; x_wconf 85' lang='lat' dir='ltr'>Meyerus</span> <span class='ocrx_word' id='word_1_310' title='bbox 1539 3727 1684 3793; x_wconf 90' lang='lat' dir='ltr'>compro·</span> 
     </span>
     <span class='ocr_line' id='line_1_33' title="bbox 376 3807 1684 3899; baseline 0.002 -26"><span class='ocrx_word' id='word_1_311' title='bbox 376 3807 482 3875; x_wconf 85' lang='lat' dir='ltr'>bavit.</span> <span class='ocrx_word' id='word_1_312' title='bbox 528 3807 570 3874; x_wconf 90' lang='lat' dir='ltr'>de</span> <span class='ocrx_word' id='word_1_313' title='bbox 595 3807 739 3876; x_wconf 88' lang='lat' dir='ltr'>Atlante</span> <span class='ocrx_word' id='word_1_314' title='bbox 768 3811 921 3877; x_wconf 89' lang='lat' dir='ltr'>narratio</span> <span class='ocrx_word' id='word_1_315' title='bbox 950 3812 1033 3878; x_wconf 91' lang='lat' dir='ltr'>bene</span> <span class='ocrx_word' id='word_1_316' title='bbox 1063 3816 1207 3899; x_wconf 81' lang='lat' dir='ltr'>apteque</span> <span class='ocrx_word' id='word_1_317' title='bbox 1235 3811 1448 3878; x_wconf 87' lang='lat' dir='ltr'>concluditur</span> <span class='ocrx_word' id='word_1_318' title='bbox 1467 3834 1499 3877; x_wconf 91' lang='lat' dir='ltr'>v.</span> <span class='ocrx_word' id='word_1_319' title='bbox 1522 3812 1597 3889; x_wconf 80' lang='lat'>520,</span> <span class='ocrx_word' id='word_1_320' title='bbox 1622 3833 1684 3898; x_wconf 91' lang='lat' dir='ltr'>quo</span> 
     </span>
     <span class='ocr_line' id='line_1_34' title="bbox 380 3911 1686 4004; baseline 0.002 -26"><span class='ocrx_word' id='word_1_321' title='bbox 380 3911 482 3978; x_wconf 86' lang='lat' dir='ltr'>Atlas</span> <span class='ocrx_word' id='word_1_322' title='bbox 505 3933 636 4000; x_wconf 90' lang='lat' dir='ltr'>quoque</span> <span class='ocrx_word' id='word_1_323' title='bbox 659 3935 680 3979; x_wconf 92' lang='lat' dir='ltr'>a</span> <span class='ocrx_word' id='word_1_324' title='bbox 700 3912 783 3981; x_wconf 89' lang='lat' dir='ltr'>Iove</span> <span class='ocrx_word' id='word_1_325' title='bbox 804 3915 943 4001; x_wconf 86' lang='lat' dir='ltr'>punitus</span> <span class='ocrx_word' id='word_1_326' title='bbox 960 3937 1035 3983; x_wconf 90' lang='lat' dir='ltr'>esse</span> <span class='ocrx_word' id='word_1_327' title='bbox 1058 3915 1192 3999; x_wconf 89' lang='lat' dir='ltr'>dicitur,</span> <span class='ocrx_word' id='word_1_328' title='bbox 1216 3915 1252 3982; x_wconf 93' lang='lat' dir='ltr'>id</span> <span class='ocrx_word' id='word_1_329' title='bbox 1274 3916 1362 4004; x_wconf 91' lang='lat' dir='ltr'>quod</span> <span class='ocrx_word' id='word_1_330' title='bbox 1385 3916 1574 3983; x_wconf 87' lang='lat' dir='ltr'>eversibus</span> <span class='ocrx_word' id='word_1_331' title='bbox 1596 3921 1686 3981; x_wconf 87' lang='lat' dir='ltr'>ante·</span> 
     </span>
     <span class='ocr_line' id='line_1_35' title="bbox 381 4015 1686 4107; baseline 0.002 -25"><span class='ocrx_word' id='word_1_332' title='bbox 381 4015 576 4083; x_wconf 86' lang='lat' dir='ltr'>cedentibus</span> <span class='ocrx_word' id='word_1_333' title='bbox 599 4016 791 4084; x_wconf 87' lang='lat' dir='ltr'>coniectura</span> <span class='ocrx_word' id='word_1_334' title='bbox 806 4024 938 4084; x_wconf 90' lang='lat' dir='ltr'>tantum</span> <span class='ocrx_word' id='word_1_335' title='bbox 954 4020 1108 4107; x_wconf 87' lang='lat' dir='ltr'>quamvis</span> <span class='ocrx_word' id='word_1_336' title='bbox 1124 4021 1197 4088; x_wconf 89' lang='lat' dir='ltr'>veri</span> <span class='ocrx_word' id='word_1_337' title='bbox 1210 4020 1312 4087; x_wconf 90' lang='lat' dir='ltr'>simili</span> <span class='ocrx_word' id='word_1_338' title='bbox 1336 4020 1532 4087; x_wconf 89' lang='lat' dir='ltr'>concludere</span> <span class='ocrx_word' id='word_1_339' title='bbox 1554 4019 1686 4086; x_wconf 85' lang='lat' dir='ltr'>licebat.</span> 
     </span>
     <span class='ocr_line' id='line_1_36' title="bbox 380 4120 1687 4212; baseline 0.002 -25"><span class='ocrx_word' id='word_1_340' title='bbox 380 4143 484 4188; x_wconf 87' lang='lat' dir='ltr'>versu</span> <span class='ocrx_word' id='word_1_341' title='bbox 506 4120 572 4188; x_wconf 77' lang='lat'>520</span> <span class='ocrx_word' id='word_1_342' title='bbox 594 4120 703 4207; x_wconf 82' lang='lat' dir='ltr'>igitur</span> <span class='ocrx_word' id='word_1_343' title='bbox 726 4144 809 4209; x_wconf 89' lang='lat' dir='ltr'>opus</span> <span class='ocrx_word' id='word_1_344' title='bbox 833 4127 896 4203; x_wconf 91' lang='lat' dir='ltr'>est,</span> <span class='ocrx_word' id='word_1_345' title='bbox 919 4129 960 4189; x_wconf 89' lang='lat' dir='ltr'>ut</span> <span class='ocrx_word' id='word_1_346' title='bbox 981 4123 1134 4191; x_wconf 87' lang='lat' dir='ltr'>narratio</span> <span class='ocrx_word' id='word_1_347' title='bbox 1157 4124 1384 4205; x_wconf 87' lang='lat' dir='ltr'>concludatur,</span> <span class='ocrx_word' id='word_1_348' title='bbox 1408 4147 1515 4212; x_wconf 88' lang='lat' dir='ltr'>neque</span> <span class='ocrx_word' id='word_1_349' title='bbox 1537 4124 1687 4210; x_wconf 84' lang='lat' dir='ltr'>Gruppio</span> 
     </span>
     <span class='ocr_line' id='line_1_37' title="bbox 379 4224 1685 4313; baseline 0.002 -22"><span class='ocrx_word' id='word_1_350' title='bbox 379 4224 468 4292; x_wconf 92' lang='lat' dir='ltr'>hunc</span> <span class='ocrx_word' id='word_1_351' title='bbox 483 4247 618 4292; x_wconf 87' lang='lat' dir='ltr'>versum</span> <span class='ocrx_word' id='word_1_352' title='bbox 641 4224 732 4313; x_wconf 78' lang='lat'>(520)</span> <span class='ocrx_word' id='word_1_353' title='bbox 753 4248 820 4293; x_wconf 92' lang='lat' dir='ltr'>uua</span> <span class='ocrx_word' id='word_1_354' title='bbox 843 4249 917 4295; x_wconf 90' lang='lat' dir='ltr'>cum</span> <span class='ocrx_word' id='word_1_355' title='bbox 940 4227 1069 4295; x_wconf 90' lang='lat' dir='ltr'>duobus</span> <span class='ocrx_word' id='word_1_356' title='bbox 1092 4228 1369 4297; x_wconf 88' lang='lat' dir='ltr'>antecedentibus</span> <span class='ocrx_word' id='word_1_357' title='bbox 1392 4250 1564 4295; x_wconf 88' lang='lat' dir='ltr'>removere</span> <span class='ocrx_word' id='word_1_358' title='bbox 1583 4227 1685 4308; x_wconf 86' lang='lat' dir='ltr'>licuit,</span> 
     </span>
     <span class='ocr_line' id='line_1_38' title="bbox 377 4328 1686 4419; baseline 0.003 -24"><span class='ocrx_word' id='word_1_359' title='bbox 377 4332 418 4395; x_wconf 91' lang='lat' dir='ltr'>ut</span> <span class='ocrx_word' id='word_1_360' title='bbox 432 4328 567 4396; x_wconf 84' lang='lat' dir='ltr'>facilius</span> <span class='ocrx_word' id='word_1_361' title='bbox 584 4330 742 4418; x_wconf 90' lang='lat' dir='ltr'>strophas</span> <span class='ocrx_word' id='word_1_362' title='bbox 765 4331 942 4419; x_wconf 88' lang='lat' dir='ltr'>quinorum</span> <span class='ocrx_word' id='word_1_363' title='bbox 957 4354 1117 4400; x_wconf 87' lang='lat' dir='ltr'>versuum</span> <span class='ocrx_word' id='word_1_364' title='bbox 1133 4334 1341 4401; x_wconf 89' lang='lat' dir='ltr'>restitueret.</span> <span class='ocrx_word' id='word_1_365' title='bbox 1365 4332 1557 4399; x_wconf 88' lang='lat' dir='ltr'>Pontonius</span> <span class='ocrx_word' id='word_1_366' title='bbox 1578 4339 1686 4399; x_wconf 89' lang='lat' dir='ltr'>autem</span> 
     </span>
     <span class='ocr_line' id='line_1_39' title="bbox 378 4432 1686 4524; baseline 0.002 -25"><span class='ocrx_word' id='word_1_367' title='bbox 378 4432 529 4513; x_wconf 88' lang='lat' dir='ltr'>(Memor.</span> <span class='ocrx_word' id='word_1_368' title='bbox 555 4435 584 4501; x_wconf 93' lang='lat' dir='ltr'>d.</span> <span class='ocrx_word' id='word_1_369' title='bbox 609 4435 706 4502; x_wconf 84' lang='lat' dir='ltr'>Real.</span> <span class='ocrx_word' id='word_1_370' title='bbox 730 4435 842 4503; x_wconf 86' lang='lat' dir='ltr'>seced.</span> <span class='ocrx_word' id='word_1_371' title='bbox 868 4436 898 4505; x_wconf 90' lang='lat' dir='ltr'>d.</span> <span class='ocrx_word' id='word_1_372' title='bbox 924 4438 1056 4505; x_wconf 77' lang='lat' dir='ltr'>sciense</span> <span class='ocrx_word' id='word_1_373' title='bbox 1080 4439 1114 4505; x_wconf 91' lang='lat' dir='ltr'>di</span> <span class='ocrx_word' id='word_1_374' title='bbox 1138 4436 1274 4519; x_wconf 74' lang='lat' dir='ltr'>Temno,</span> <span class='ocrx_word' id='word_1_375' title='bbox 1299 4438 1372 4505; x_wconf 88' lang='lat' dir='ltr'>Ser.</span> <span class='ocrx_word' id='word_1_376' title='bbox 1395 4437 1443 4521; x_wconf 90' lang='lat' dir='ltr'>H,</span> <span class='ocrx_word' id='word_1_377' title='bbox 1467 4443 1548 4505; x_wconf 92' lang='lat' dir='ltr'>tom.</span> <span class='ocrx_word' id='word_1_378' title='bbox 1571 4438 1614 4503; x_wconf 85' lang='lat'>38</span> <span class='ocrx_word' id='word_1_379' title='bbox 1636 4459 1686 4524; x_wconf 78' lang='lat' dir='ltr'>pg.</span> 
     </span>
     <span class='ocr_line' id='line_1_40' title="bbox 379 4536 1684 4630; baseline 0.005 -28"><span class='ocrx_word' id='word_1_380' title='bbox 379 4536 445 4603; x_wconf 88' lang='grc'>443</span> <span class='ocrx_word' id='word_1_381' title='bbox 468 4537 562 4626; x_wconf 89' lang='lat' dir='ltr'>sqq.),</span> <span class='ocrx_word' id='word_1_382' title='bbox 587 4539 644 4626; x_wconf 91' lang='lat' dir='ltr'>qui</span> <span class='ocrx_word' id='word_1_383' title='bbox 666 4539 701 4606; x_wconf 91' lang='lat' dir='ltr'>in</span> <span class='ocrx_word' id='word_1_384' title='bbox 724 4540 810 4606; x_wconf 91' lang='lat' dir='ltr'>hunc</span> <span class='ocrx_word' id='word_1_385' title='bbox 833 4541 981 4609; x_wconf 88' lang='lat' dir='ltr'>ordinem</span> <span class='ocrx_word' id='word_1_386' title='bbox 1004 4565 1124 4610; x_wconf 90' lang='lat' dir='ltr'>versus</span> <span class='ocrx_word' id='word_1_387' title='bbox 1147 4543 1376 4630; x_wconf 88' lang='lat' dir='ltr'>transposuit:</span> <span class='ocrx_word' id='word_1_388' title='bbox 1407 4542 1590 4625; x_wconf 83' lang='grc'><strong>521-525,</strong></span> <span class='ocrx_word' id='word_1_389' title='bbox 1616 4542 1684 4624; x_wconf 83' lang='grc'><strong>520,</strong></span> 
     </span>
     <span class='ocr_line' id='line_1_41' title="bbox 377 4639 1686 4726; baseline 0.006 -20"><span class='ocrx_word' id='word_1_390' title='bbox 377 4640 453 4725; x_wconf 86' lang='grc'><strong>534,</strong></span> <span class='ocrx_word' id='word_1_391' title='bbox 492 4639 676 4726; x_wconf 86' lang='grc'><strong>517-519,</strong></span> <span class='ocrx_word' id='word_1_392' title='bbox 700 4642 804 4712; x_wconf 91' lang='lat' dir='ltr'>nimia</span> <span class='ocrx_word' id='word_1_393' title='bbox 832 4645 964 4713; x_wconf 92' lang='lat' dir='ltr'>omnino</span> <span class='ocrx_word' id='word_1_394' title='bbox 996 4646 1135 4716; x_wconf 87' lang='lat' dir='ltr'>licentia</span> <span class='ocrx_word' id='word_1_395' title='bbox 1157 4670 1240 4716; x_wconf 88' lang='lat' dir='ltr'>usus</span> <span class='ocrx_word' id='word_1_396' title='bbox 1264 4669 1340 4715; x_wconf 87' lang='lat' dir='ltr'>esse</span> <span class='ocrx_word' id='word_1_397' title='bbox 1371 4646 1517 4715; x_wconf 87' lang='lat' dir='ltr'>videtur.</span> <span class='ocrx_word' id='word_1_398' title='bbox 1564 4667 1686 4714; x_wconf 83' lang='lat' dir='ltr'>summe</span> 
     </span>
    </p>
   </div>
   <div class='ocr_carea' id='block_1_4' title="bbox 468 4868 1275 4950">
    <p class='ocr_par' dir='ltr' id='par_1_4' title="bbox 468 4868 1275 4950">
     <span class='ocr_line' id='line_1_42' title="bbox 468 4868 1275 4950; baseline 0.009 -26"><span class='ocrx_word' id='word_1_399' title='bbox 468 4869 493 4941; x_wconf 85' lang='grc' dir='ltr'>ι)</span> <span class='ocrx_word' id='word_1_400' title='bbox 512 4868 557 4925; x_wconf 85' lang='lat' dir='ltr'>Sic</span> <span class='ocrx_word' id='word_1_401' title='bbox 575 4876 650 4927; x_wconf 84' lang='lat' dir='ltr'>reete</span> <span class='ocrx_word' id='word_1_402' title='bbox 668 4870 869 4931; x_wconf 82' lang='lat' dir='ltr'>Schoemsuuus</span> <span class='ocrx_word' id='word_1_403' title='bbox 889 4891 1006 4947; x_wconf 89' lang='lat' dir='ltr'>quoque,</span> <span class='ocrx_word' id='word_1_404' title='bbox 1025 4894 1070 4947; x_wconf 91' lang='lat' dir='ltr'>op.</span> <span class='ocrx_word' id='word_1_405' title='bbox 1089 4893 1129 4933; x_wconf 87' lang='lat' dir='ltr'>ae.</span> <span class='ocrx_word' id='word_1_406' title='bbox 1149 4877 1176 4933; x_wconf 89' lang='lat' dir='ltr'>ll</span> <span class='ocrx_word' id='word_1_407' title='bbox 1195 4879 1275 4950; x_wconf 65' lang='lat'>268,</span> 
     </span>
    </p>
   </div>
   <div class='ocr_carea' id='block_1_5' title="bbox 0 0 1835 5508">
    <p class='ocr_par' dir='ltr' id='par_1_5' title="bbox 0 0 1835 5508">
     <span class='ocr_line' id='line_1_43' title="bbox 0 0 1835 5508; baseline 0 0"><span class='ocrx_word' id='word_1_408' title='bbox 0 0 1835 5508; x_wconf 95' lang='lat' dir='ltr'> </span> 
     </span>
    </p>
   </div>
  </div>
 </body>
</html>
