3659 5509
776 431 819 498 43

114 601 292 691 Operum
326 609 437 673 antem
467 610 578 692 poeta,
613 627 711 693 quem
743 604 853 671 omnia
886 603 1010 692 optime
1043 604 1225 671 instituere
1255 623 1317 691 per
1342 605 1451 669 totam

112 710 374 778 narrationem
405 709 559 795 vidimus,
595 710 767 778 mulierem
799 711 927 795 (dolor
957 712 1060 776 αἰπὺν
1090 709 1271 796 ἀμήχανον’
1304 707 1366 795 Op.
1395 706 1448 788 83,

114 810 270 900 Theog.
296 814 374 898 589)
404 836 425 880 a
446 814 613 882 Mercurio
645 814 689 881 ad
710 814 945 902 Epimetheum
969 814 1044 880 duci
1074 816 1198 902 optime
1221 818 1348 881 narrat.
1393 809 1451 876 uni

114 918 220 984 enim
261 919 341 987 dari
371 918 514 1007 primam
539 920 712 987 mulierem
735 941 865 1007 exque
887 941 1000 986 omnes
1024 940 1130 1004 genus
1154 919 1315 986 ducturae
1338 922 1451 983 essent
1486 945 1488 948 ·

115 1043 281 1091 neeesse
305 1030 391 1091 erat.

220 1127 305 1196 Iam
327 1151 383 1196 res
406 1128 553 1197 dilucida
576 1130 657 1196 mihi
680 1129 816 1197 videtur
838 1151 923 1196 esse.
976 1151 1020 1195 an
1043 1151 1122 1196 vere
1145 1152 1220 1196 oum
1241 1124 1450 1195 Kirohhoffio

119 1231 162 1310 (l.
176 1230 206 1298 l.
221 1254 287 1320 pg.
300 1232 357 1319 47)
380 1256 454 1300 eam
476 1233 567 1302 dices
591 1257 664 1301 esse
687 1234 908 1301 vetustiorem
924 1234 1161 1317 narrationem,
1185 1255 1282 1322 quam
1305 1230 1393 1321 quod
1408 1227 1452 1296 ad

122 1341 256 1404 artem
289 1345 324 1406 et
355 1361 488 1406 sensum
518 1340 666 1406 attineat
696 1339 847 1405 omnibus
878 1339 912 1405 in
945 1339 1045 1406 rebus
1075 1339 1185 1407 altera
1212 1337 1367 1426 superari
1402 1334 1450 1401 vi·

122 1440 252 1509 disti?
309 1445 556 1532 comparatione
577 1443 729 1532 perfecta
753 1444 889 1511 dubium
912 1466 986 1511 esse
1009 1466 1074 1511 non
1096 1451 1219 1533 potest,
1244 1443 1323 1532 quin
1347 1440 1453 1508 ‘Pheo-

124 1546 267 1632 goniae
286 1547 511 1636 interpolator
529 1548 675 1636 Operum
697 1549 925 1616 narrationem
939 1572 1057 1636 parum
1069 1549 1200 1616 affabre
1216 1549 1263 1616 sit
1285 1547 1450 1615 imitatus.

124 1672 173 1716 ne
199 1650 383 1721 intellexit
406 1653 537 1742 quidem
562 1654 736 1720 eonsilium
760 1659 933 1741 artemque
951 1659 1071 1742 poetae
1094 1676 1191 1742 quem
1213 1651 1341 1721 imitari
1355 1671 1451 1717 oona·

124 1759 192 1821 tus
221 1764 291 1838 est,
314 1756 402 1824 unde
424 1758 458 1824 id
482 1758 605 1842 evenit,
637 1765 677 1824 ut
700 1758 780 1846 quid
801 1764 943 1825 narrent
966 1758 1091 1844 Theog.
1116 1781 1169 1825 vv.
1193 1755 1367 1825 570-599
1394 1754 1453 1821 vix

125 1858 302 1947 intellegi
310 1862 420 1949 possit
428 1862 494 1930 uisi
502 1862 668 1950 Operibus
677 1862 888 1951 eomparatis.
902 1860 1451 1950 Theogoniaeeniminterpolator,

129 1964 1453 2056 quidexplicarestudueritOperumpoetaversibus63-68ignorans,narra·

128 2069 272 2137 tionem
292 2071 375 2138 adeo
387 2072 534 2140 mutavit
554 2079 655 2162 atque
674 2073 855 2157 mutilavit,
875 2078 914 2138 ut
928 2072 969 2140 de
981 2079 1097 2140 statua
1109 2073 1223 2162 aliqua
1234 2071 1341 2158 magis
1353 2090 1452 2159 quam

133 2173 180 2241 de
206 2175 338 2243 femina
358 2176 439 2244 viva
461 2178 604 2245 creanda
627 2200 728 2264 agere
744 2177 910 2246 videatur.
946 2178 1048 2244 etiam
1062 2178 1124 2245 hoe
1139 2177 1262 2259 effecit,
1278 2182 1318 2242 ut
1333 2173 1453 2263 quade

133 2301 251 2348 eausa
281 2280 439 2349 mulieres
469 2283 669 2351 detrimento
700 2283 771 2349 sint
800 2282 884 2350 viris
914 2284 972 2349 vix
1000 2282 1285 2369 intellegeremus,
1308 2280 1375 2347 nisi
1396 2301 1452 2346 vv.

135 2385 322 2453 590-612
352 2386 541 2454 adiecisset.
586 2409 693 2475 neque
725 2387 838 2454 exeis
861 2386 993 2475 quidem
1015 2387 1097 2453 baec
1120 2409 1175 2454 res
1198 2386 1297 2474 plane
1320 2383 1453 2451 intelle·

135 2488 260 2574 gitur:
282 2490 411 2577 primae
434 2491 584 2558 mulieris
608 2492 752 2559 animum
776 2514 918 2579 pravum
941 2491 1048 2559 fuisse
1071 2513 1235 2579 exponere
1259 2490 1384 2572 debuit,
1413 2492 1454 2553 ut

137 2594 307 2662 mulieres
336 2617 394 2662 eas
426 2618 500 2664 esse
524 2619 607 2684 quas
631 2620 706 2665 esse
729 2597 868 2685 exponit
897 2596 1181 2684 intellegeremus.
1228 2594 1363 2662 deinde:
1387 2613 1454 2680 qua

139 2697 185 2765 de
219 2721 325 2767 eausa
346 2700 505 2768 mulieres
534 2709 648 2769 essent
672 2704 773 2780 δόλος
794 2701 963 2788 ἀμήχανος
984 2702 1218 2786 ἀνθρώποισιν
1240 2739 1283 2750 -
1306 2721 1351 2767 se.
1375 2698 1454 2785 quia

143 2801 268 2871 Venus
293 2805 351 2884 seis
383 2807 529 2891 gratiam
558 2807 661 2889 dedit,
692 2807 745 2873 oui
774 2805 842 2873 viri
870 2806 1031 2873 resistere
1053 2812 1223 2894 nequeunt
1248 2843 1286 2854 -
1310 2825 1375 2871 non
1399 2824 1455 2869 ex·

140 2908 274 2994 posuit.
316 2908 433 2977 videas
456 2933 553 2998 quam
583 2910 707 2978 leviter
736 2933 806 2977 rem
828 2911 1041 2979 tractaverit.
1064 2949 1107 2960 -
1135 2910 1224 2999 quod
1245 2910 1319 2977 iure
1341 2907 1456 2975 mirati

144 3035 268 3080 sumus
298 3012 512 3100 Theogoniae
541 3017 819 3104 interpolatorem
848 3016 989 3104 primam
1018 3015 1190 3083 mulierem
1221 3014 1373 3100 ‘virginis
1395 3035 1455 3101 pu·

146 3116 267 3201 dicad,
284 3140 349 3185 nou
366 3119 502 3188 dearum
519 3121 758 3188 immortalium
775 3121 915 3188 similem
931 3121 1056 3188 fartam
1070 3143 1219 3202 narrare,
1236 3120 1271 3186 id
1287 3119 1454 3207 Operibus

144 3223 356 3309 comparatis
378 3225 541 3312 quomodo
564 3227 716 3293 evenerit
738 3226 879 3292 videbis.
926 3225 1071 3314 Operum
1094 3233 1196 3313 poeta
1218 3224 1348 3292 scilieet
1366 3223 1454 3312 quod

144 3328 292 3415 primam
310 3328 480 3397 mulierem
505 3330 587 3397 dicit
603 3338 809 3416 montemurlo
828 3334 932 3398 καλὸν
947 3327 1037 3409 εἶδος
1051 3330 1225 3417 ἐπήρατον,
1242 3328 1455 3415 'theogoniae

146 3431 379 3520 interpolator
408 3455 526 3521 parum
558 3435 737 3502 intellexit.
791 3434 876 3522 ipsis
910 3435 996 3501 enim
1036 3456 1118 3501 usus
1151 3434 1263 3501 verbis
1295 3438 1330 3499 et
1361 3436 1455 3499 ante·

147 3537 308 3605 cedentes
339 3537 381 3605 de
412 3538 538 3606 deabus
569 3538 814 3607 immortalibus
845 3539 946 3626 plane
975 3539 1166 3625 neglegens,
1197 3538 1232 3604 in
1261 3538 1356 3626 peius
1380 3559 1454 3604 oon·

147 3643 260 3710 vertit
292 3642 451 3730 optimam
485 3644 685 3730 exemplaris
719 3646 772 3711 sui
805 3645 1018 3711 sententiam.
1063 3644 1121 3732 qui
1148 3643 1211 3710 hos
1240 3643 1323 3710 duos
1352 3642 1454 3724 locos,

150 3746 298 3815 alterum
321 3746 371 3813 rei
393 3747 615 3835 aptissimum,
647 3747 791 3815 alterum
815 3749 902 3814 omni
926 3749 1065 3815 oonsilio
1088 3754 1268 3825 carentem,
1299 3751 1454 3814 aoeurate

149 3851 242 3919 inter
265 3874 340 3920 sese
364 3851 555 3935 contulerit,
573 3853 638 3919 iam
662 3876 704 3920 ex
727 3854 786 3935 eis,
810 3853 935 3920 ceteris
958 3853 1101 3935 omissis,
1126 3875 1211 3942 quae
1234 3852 1325 3919 inter
1347 3851 1454 3918 Theo·

151 3958 273 4043 goniae
302 3962 338 4024 et
361 3957 508 4044 Operum
539 3958 629 4024 looos
652 3958 742 4025 ratio
765 3958 955 4025 intercedat
978 3964 1164 4044 cognoscet.
1199 3957 1282 4025 haee
1304 3962 1373 4024 est:
1397 3956 1456 4045 qui

150 4083 206 4130 vv.
229 4061 404 4129 uro-589
420 4061 476 4147 (de
500 4084 555 4129 vv.
571 4062 744 4129 uso-612
760 4062 851 4130 infra
866 4062 1042 4149 disseram)
1059 4063 1093 4128 in
1109 4062 1337 4148 Theogoniam
1351 4062 1455 4128 inter·

149 4165 300 4253 pulavit,
343 4171 382 4232 ut
416 4164 477 4232 hoo
510 4165 639 4234 faceret
674 4167 839 4235 adductus
874 4189 949 4235 esse
985 4167 1122 4235 videtur
1158 4168 1304 4255 Operum
1336 4187 1455 4232 narra·

150 4270 244 4338 tione
274 4291 341 4358 qua
363 4268 557 4338 Promethei
585 4271 736 4339 fabulam
760 4295 832 4339 cum
862 4272 979 4339 fabula
1000 4271 1042 4339 de
1064 4273 1192 4359 primae
1214 4271 1364 4337 mulieris
1388 4270 1454 4336 ori·

150 4375 229 4462 gine
252 4380 327 4442 arte
350 4376 558 4442 coniunctam
582 4398 657 4444 esse
680 4378 847 4464 cognovit.
883 4376 1029 4464 Operum
1050 4377 1278 4444 narrationem
1301 4375 1454 4441 imitatus

151 4486 214 4565 est,
238 4484 352 4547 tamen
375 4486 415 4547 ut
436 4481 501 4547 sibi
524 4480 705 4549 videbatur
726 4483 777 4548 ita
800 4487 907 4564 caute,
932 4487 972 4547 ut
997 4480 1219 4548 imitationem
1242 4502 1317 4547 esse
1341 4501 1455 4546 narra·

151 4586 276 4652 tionem
300 4605 395 4651 suam
417 4586 610 4673 perspicere
632 4607 727 4652 nemo
749 4592 874 4673 posset.
925 4587 1001 4652 ideo
1023 4607 1109 4673 quae
1131 4586 1165 4650 in
1189 4584 1355 4673 Operibus
1378 4584 1456 4671 Iup·

150 4690 242 4776 piter
264 4688 409 4773 singulis
432 4688 505 4755 deis
528 4690 686 4757 mandare
708 4699 879 4769 narratur,
914 4689 989 4776 ipse
1001 4689 1190 4757 Vulcanum
1213 4697 1249 4757 et
1270 4689 1455 4757 Minervam

151 4795 262 4861 faeere
277 4800 405 4861 narrat.
439 4795 555 4861 eadem
571 4795 612 4862 de
628 4817 729 4862 eausa
745 4796 916 4862 mulierem
933 4816 997 4860 non
1014 4795 1058 4861 ad
1072 4794 1307 4883 Epimetheum
1323 4795 1456 4863 duotem

151 4920 226 4968 esse
247 4905 378 4983 namot,
408 4898 444 4967 id
473 4898 561 4988 quod
584 4899 730 4988 Operum
752 4908 854 4989 poeta
876 4898 1030 4966 consulto
1052 4901 1103 4967 ita
1125 4900 1289 4983 instituit,
1313 4900 1383 4986 sed,
1415 4909 1455 4968 ut
