3659 5509
746 791 877 882 Oapnt
898 791 927 865 L

424 976 475 1056 bo
503 975 727 1074 Theogouiae
756 975 966 1058 Prometheo
994 980 1032 1056 ot
1059 975 1236 1057 Pandora.

269 1122 462 1191 Promethei
491 1123 608 1191 fabula
639 1123 673 1189 in
697 1121 896 1209 Theogonis
925 1127 1088 1190 narratur
1118 1122 1275 1190 versibus
1304 1121 1487 1189 aec-616.

179 1250 248 1315 qua
284 1250 322 1296 re
357 1229 526 1297 Hesiodus
564 1233 746 1296 commotus
783 1227 831 1295 sit
863 1233 903 1294 at
939 1227 1051 1316 Iapeti
1092 1227 1181 1295 filios
1220 1233 1369 1295 extremo
1406 1227 1488 1310 loco,

178 1339 359 1424 postquam
383 1335 423 1402 de
446 1333 568 1402 ceteris
592 1332 772 1401 Titanibus
800 1333 881 1419 egit,
906 1337 1127 1418 enumeraret,
1159 1356 1358 1422 quamquam
1379 1332 1489 1421 ipsum

177 1439 335 1528 Iapetum
358 1442 404 1525 (v.
431 1440 507 1529 134)
531 1439 566 1506 in
588 1438 706 1528 primis
723 1438 905 1506 Titanibus
930 1439 1172 1522 nominaverat,
1195 1438 1354 1526 Meyerue
1376 1438 1489 1506 obaer-

179 1547 289 1613 vavit.
335 1546 397 1613 hac
427 1545 555 1612 ordinis
585 1543 817 1612 immutatione
850 1543 980 1628 evenit,
1013 1549 1054 1611 ut
1084 1549 1186 1632 poeta
1207 1543 1319 1632 Iapeti
1349 1544 1489 1631 stirpem

180 1655 284 1739 atque
314 1650 515 1739 praesertim
546 1649 782 1717 Prometheum
816 1648 971 1737 pluribus
1003 1649 1158 1716 versibus
1189 1654 1340 1717 tractare
1372 1653 1490 1738 posset

179 1777 279 1843 quam
301 1760 385 1844 quot
410 1756 445 1822 in
475 1760 661 1823 ceterorum
690 1754 870 1841 generibus
893 1752 1083 1822 tractandis
1105 1753 1159 1821 uti
1182 1754 1317 1822 soleret
1362 1777 1430 1843 qua
1451 1776 1489 1822 re

179 1861 318 1948 cognita
341 1861 444 1929 etiam
477 1860 539 1927 hoo
560 1859 722 1943 videmus,
765 1858 951 1927 Hesiodum
983 1859 1093 1947 ipsum
1115 1858 1308 1927 Promethei
1340 1858 1490 1928 fabulam

180 1965 329 2056 aliquam
358 1987 500 2034 narrare
523 1965 681 2051 voluisse,
712 1970 752 2032 ut
780 1965 891 2032 omnia
912 1965 949 2031 in
971 1963 1166 2051 Theogonis
1195 1969 1287 2033 certo
1310 1987 1329 2031 e
1351 1963 1490 2032 consilio

179 2072 364 2160 composita
394 2093 468 2140 esse
491 2070 649 2160 Meyerus
680 2070 804 2137 docuit.
856 2070 973 2158 itaque
1001 2070 1069 2137 iam
1092 2092 1133 2137 ex
1163 2070 1237 2159 ipso
1266 2068 1392 2152 ordine,
1426 2092 1489 2155 quo

177 2175 372 2245 Promethei
383 2176 534 2244 fabulam
549 2177 584 2243 in
597 2176 825 2263 Theogoniam
838 2175 989 2243 inserere
1005 2174 1115 2242 voluit
1128 2181 1239 2264 poeta,
1256 2181 1489 2261 argumentum

180 2303 301 2369 capere
330 2282 412 2351 licet
435 2282 466 2349 ei
497 2281 554 2369 qui
584 2280 691 2369 ipsam
714 2281 864 2348 fabulam
894 2284 1105 2348 tractaturus
1139 2284 1202 2347 est.
1255 2279 1371 2348 eodem
1392 2278 1489 2347 modo

183 2386 398 2454 iudicandum
414 2393 468 2455 ast
492 2386 532 2453 de
555 2386 681 2466 ordine,
705 2408 771 2474 quo
786 2385 897 2474 Iapeti
912 2385 1000 2454 filios
1015 2392 1116 2473 poeta
1141 2385 1325 2453 enarravit.
1370 2385 1491 2473 quibus

184 2492 347 2577 omnibus,
372 2514 417 2558 so.
430 2490 585 2575 Atlante,
597 2489 776 2571 Menoetio,
799 2490 1009 2572 Prometheo,
1032 2490 1241 2578 Epimetheo,
1263 2489 1414 2558 breviter
1435 2512 1491 2557 no·

179 2597 317 2665 minatis
348 2603 450 2685 poeta
484 2596 574 2686 quod
603 2595 644 2664 de
673 2596 819 2682 singulis
849 2595 1029 2663 memoriae
1063 2595 1200 2664 tradere
1231 2594 1410 2663 constituit
1440 2595 1491 2664 ita

180 2708 308 2785 hamat,
342 2706 383 2768 ut
411 2702 527 2769 ordine
559 2701 682 2769 iterum
712 2701 848 2768 inverso
870 2700 1107 2768 Prometheum
1140 2701 1202 2768 hoc
1230 2700 1304 2768 loco
1335 2699 1489 2768 ultimum

181 2807 315 2875 afferat.
360 2829 467 2895 neque
492 2806 627 2874 dubium
651 2811 715 2888 est,
740 2807 819 2895 quin
843 2829 883 2874 ex
906 2807 969 2873 heo
991 2828 1121 2896 quoque
1143 2828 1181 2874 re
1204 2806 1335 2875 eluceat
1357 2812 1491 2894 poetam

177 2912 371 2980 Promethei
394 2912 544 2979 fabulam
567 2933 707 2980 narrare
730 2911 764 2978 in
788 2912 898 2979 animo
931 2911 1101 2979 habuisse.
1145 2912 1261 3001 itaque
1291 2911 1357 2980 iam
1381 2913 1489 3000 prius·

178 3040 278 3106 quam
301 3016 476 3106 adipeam
499 3016 650 3084 fabulam
674 3016 860 3084 accedimus
883 3038 923 3083 ac
945 3015 1081 3102 singula
1103 3016 1340 3104 percurrimus,
1365 3017 1406 3084 de
1428 3018 1491 3085 hac

179 3145 218 3191 re
241 3144 306 3189 non
340 3122 581 3204 dubitabimus,
614 3122 696 3210 quin
730 3121 771 3188 de
793 3119 987 3189 Promethei
1017 3119 1135 3189 fabula
1170 3122 1212 3188 ab
1246 3121 1490 3209 interpolatore

179 3227 310 3295 inserta
332 3227 547 3312 cogitandum
570 3247 636 3292 non
660 3226 716 3294 sit.
761 3226 864 3293 etiam
888 3225 1032 3293 alterum
1047 3229 1280 3311 argumentum
1302 3227 1376 3314 ipso
1392 3225 1489 3315 Iape-

180 3331 386 3399 tionidarum
409 3332 524 3399 ordine
548 3331 740 3419 praebetur.
785 3330 960 3418 inprimis
991 3329 1075 3397 euim
1101 3330 1255 3398 versibus
1278 3331 1489 3415 (coe-511),

180 3436 302 3525 quihus
317 3436 431 3524 Iapeti
442 3436 531 3503 filios
544 3436 657 3517 affert,
676 3435 847 3503 Hesiodus
869 3435 956 3502 nihil
978 3435 1019 3502 de
1041 3441 1165 3503 natura
1187 3457 1248 3503 nec
1270 3435 1353 3503 fatis
1376 3458 1492 3503 eorum

180 3541 264 3609 dicit
287 3540 434 3630 exeeptis
458 3540 636 3629 epithetis:
667 3539 818 3607 omnihus
841 3540 1023 3607 nominatis
1046 3540 1126 3627 quid
1150 3539 1276 3626 singuli
1297 3540 1391 3628 passi
1421 3541 1492 3609 sint
1551 3625 1554 3629 Α

179 3646 325 3735 exponit.
370 3647 486 3713 videas
513 3652 625 3713 antem
651 3667 715 3733 quo
738 3646 835 3713 modo
858 3668 913 3713 res
937 3644 978 3712 de
1001 3644 1199 3732 Epimetheo
1223 3646 1410 3714 constituta
1433 3646 1488 3715 sit.

179 3751 380 3836 ἁμαρτίνοος
398 3751 608 3836 Ἐπιμηθεύς
624 3750 768 3838 primum
778 3750 922 3817 affertur
934 3775 967 3818 v.
980 3751 1043 3816 511
1066 3771 1173 3837 neque
1186 3750 1282 3817 deest
1304 3751 1490 3839 epithetum

180 3878 245 3943 quo
272 3855 382 3943 qualis
409 3855 457 3922 sit
482 3855 626 3922 dilucide
651 3855 828 3922 indicetur.
878 3854 1017 3922 ultimus
1047 3855 1209 3921 affertur:
1240 3853 1276 3920 id
1302 3854 1389 3943 quod
1416 3854 1490 3922 fieri

181 3960 308 4043 debuit,
338 3981 411 4027 eum
445 3960 624 4027 secundum
659 3960 852 4027 Promethei
889 3961 1009 4028 fratris
1042 3964 1201 4027 naturam
1231 3959 1410 4027 manifesto
1444 3959 1492 4027 sit

179 4067 348 4133 inventus.
414 4064 537 4132 iterum
571 4069 683 4132 autem
719 4064 799 4132 ordo
834 4064 1029 4131 invertitur.
1097 4067 1231 4131 tantum
1268 4064 1355 4131 enim
1393 4064 1492 4132 abest

182 4175 293 4258 poeta,
316 4177 356 4237 ut
377 4169 544 4251 Atlantis,
578 4169 839 4257 quamprimum
861 4173 978 4235 natum
1001 4189 1075 4234 esse
1099 4168 1262 4250 narravit,
1296 4168 1396 4256 primi
1418 4168 1492 4236 fata

181 4281 327 4356 enarret,
361 4278 400 4340 ut
432 4296 506 4340 oum
528 4274 720 4363 Epimethei
753 4273 885 4340 nomine
919 4272 1037 4340 statim
1060 4271 1164 4339 etiam
1198 4271 1279 4360 quid
1308 4271 1349 4339 de
1382 4293 1421 4338 eo
1444 4272 1492 4339 sit

183 4378 386 4447 narrandum
410 4379 601 4466 coniungat.
647 4384 749 4467 atque
771 4377 889 4467 paucis
903 4377 1019 4445 verbis
1042 4399 1112 4445 rem
1135 4400 1200 4444 non
1223 4374 1330 4443 solum
1352 4375 1490 4458 indicat,

181 4483 241 4552 sed
255 4483 356 4572 plane
371 4483 529 4552 absolvit.
559 4484 755 4569 ‘maximum
769 4483 889 4571 inquit,
906 4483 1029 4550 malum
1045 4480 1264 4570 Epimetheus
1281 4479 1363 4548 viris
1379 4479 1491 4548 factus

180 4595 249 4657 aet:
285 4588 425 4676 primam
454 4589 540 4657 enim
571 4588 745 4656 mulierem
767 4586 861 4654 Iovis
891 4587 987 4653 iussu
1015 4585 1129 4652 fictam
1159 4582 1309 4671 accepit'.
1354 4582 1420 4649 iam
1450 4583 1492 4650 de

180 4693 376 4781 Epimetheo
399 4699 607 4782 reaperacta
623 4698 677 4760 est
698 4697 734 4760 et
756 4691 831 4780 quis
853 4688 1213 4778 fueritetqnidpoeta
1226 4687 1267 4755 de
1290 4708 1329 4755 ec
1351 4709 1491 4756 narrare

182 4797 328 4865 voluerit
340 4805 543 4887 compertum
555 4797 728 4864 habemus.
773 4793 986 4884 nequeenim
1009 4793 1077 4860 alia
1089 4791 1221 4860 ratione
1245 4790 1280 4858 in
1291 4790 1490 4879 Epimetheo

178 4902 356 4971 tractando
378 4902 431 4970 uti
453 4902 562 4972 voluit
584 4901 765 4987 Hesiodus,
789 4923 889 4990 quam
912 4920 979 4987 qua
1008 4897 1042 4965 in
1065 4896 1232 4967 iratribus
1256 4917 1386 4985 quoque
1408 4895 1489 4962 Pro·
