3659 5509
763 439 805 506 41

123 608 196 675 sibi
221 610 440 698 comparavit.
478 610 582 695 ,viris
606 614 727 694 autern,
750 609 870 698 inquit,
894 632 955 699 pro
972 610 1060 697 igno,
1084 634 1181 699 quem
1204 610 1327 679 lucrati
1351 614 1440 695 sunt,

122 714 259 781 malum
282 716 368 783 dabo
391 717 473 783 etc.“
522 715 736 802 Theogoniae
767 720 879 783 autem
903 738 1005 782 versu
1028 717 1102 798 570,
1132 715 1189 804 qui
1220 722 1274 784 est
1296 715 1441 804 Operum

124 840 256 886 versus
278 821 321 886 57
344 819 544 903 simillimus,
568 825 687 887 contra
710 820 995 908 exspectationem
1019 842 1108 887 nova
1129 819 1247 886 fabula
1270 818 1440 907 incipitur,

124 924 353 991 antecedente
386 924 531 992 noudum
566 925 732 991 absoluta.
795 924 926 991 accedit
959 925 1046 1013 quod
1085 924 1299 1010 Theogoniae
1335 924 1440 991 inter·

122 1027 278 1114 polator,
311 1028 444 1096 etiamsi
467 1029 617 1095 fabulam
646 1030 774 1117 primae
797 1029 947 1097 mulieris
971 1029 1186 1118 expositurus
1216 1029 1279 1109 sit,
1310 1028 1441 1114 ἀνθρώ·

125 1150 227 1199 notos
258 1134 380 1200 malum
410 1133 527 1219 affingi
556 1133 655 1212 dicit,
686 1134 775 1222 quod
797 1133 943 1223 Operum
971 1141 1071 1222 pocta
1094 1133 1247 1202 consulto
1271 1139 1361 1201 certe
1384 1133 1440 1199 ἀν-

126 1237 258 1321 δράσιν
289 1236 498 1323 ἐσσομένοισι
528 1245 756 1326 comparatum
785 1238 828 1305 iri
858 1239 951 1305 dicit.
997 1238 1119 1306 iterum
1151 1238 1258 1324 igitur
1290 1260 1370 1318 rem,
1404 1236 1440 1302 in

127 1363 200 1428 qua
223 1342 259 1407 in
276 1340 470 1428 Theogonis
486 1343 695 1427 offendimus,
719 1343 892 1411 ‘imitator'
909 1342 1065 1411 correxit.
1082 1382 1123 1393 -
1147 1365 1207 1411 nec
1226 1365 1291 1409 non
1308 1341 1440 1409 offendo

125 1445 161 1511 in
189 1445 319 1532 Theog.
343 1470 397 1514 vv.
420 1448 485 1515 570
513 1453 548 1513 et
570 1448 634 1513 571
658 1455 732 1515 arte
755 1448 952 1515 coniunctis.
997 1448 1031 1513 in
1056 1447 1222 1535 Operibus
1253 1447 1340 1513 enim
1362 1446 1440 1533 Iup·

126 1550 225 1637 piter
247 1550 321 1618 iure
344 1551 429 1636 ίἐγὼ,
450 1552 569 1640 inquit,
594 1553 711 1636 tdcm’,
742 1575 815 1619 cum
844 1553 878 1618 in
903 1553 1059 1619 versibus
1082 1552 1199 1619 statim
1223 1552 1440 1641 sequentibus

126 1654 207 1742 ipse
232 1654 319 1737 deis,
353 1656 516 1745 aquibus
546 1657 654 1745 prima
682 1657 803 1724 mulier
833 1657 1026 1743 effingatur,
1059 1658 1219 1725 mandata
1249 1657 1317 1725 det.
1363 1678 1440 1721 nam

127 1759 207 1846 ipsc
239 1760 404 1848 Iuppiter,
443 1761 531 1850 qnod
562 1762 636 1828 fieri
666 1761 777 1843 iubet,
812 1762 924 1829 facere
957 1762 1093 1828 videtur
1125 1761 1180 1828 vel
1210 1761 1304 1828 facit.
1360 1760 1441 1848 quid

128 1871 249 1931 autam
283 1865 324 1932 de
360 1865 573 1951 Theogoniae
606 1866 851 1954 interpolatore
884 1866 990 1947 dices,
1031 1867 1089 1954 qui
1125 1872 1302 1954 postquam
1337 1865 1440 1931 dixit:

130 1970 254 2035 αὐτίκα
277 1969 382 2036 δ’ἆνιὶ
404 1974 511 2055 πυρὸς
531 1972 646 2051 τεῦξεν
669 1978 725 2055 (sc.
748 1973 846 2056 Ζεύς)
868 1974 973 2038 κακὸν
995 1971 1216 2056 ἀνθρώποισι,
1239 1994 1304 2036 non
1327 1968 1443 2058 pergit

130 2072 186 2140 his
215 2074 345 2141 verbis:
386 2076 522 2162 ,statim
556 2082 668 2142 autem
702 2075 889 2143 Vulcanum
924 2076 1066 2161 figuram
1100 2074 1246 2163 aliquam
1280 2073 1441 2159 effingere

129 2177 270 2261 iussit“,
285 2179 345 2246 sed
365 2184 479 2266 ‘pulpa
494 2180 613 2268 inquit,
637 2183 830 2266 σύμπλασσε
845 2183 1044 2265 περικλυτὸς
1055 2179 1300 2266 ἈμφιμοήειςῬ
1334 2199 1442 2266 neque

133 2282 246 2369 igitur
273 2283 327 2351 bic
348 2283 514 2372 Iuppiter,
545 2285 604 2352 sed
628 2284 801 2352 Vulcanus
830 2286 972 2372 primam
1004 2285 1175 2351 mulierem
1202 2283 1372 2352 effinxisse
1393 2281 1443 2349 vi·

135 2387 287 2471 deretur,
316 2387 384 2455 nisi
413 2396 633 2477 sequerentur
663 2390 767 2456 verba
791 2392 974 2474 ‘Kpovldam
1001 2391 1057 2455 διὰ
1083 2389 1228 2473 βονλᾶς’,
1258 2388 1378 2477 quibus
1408 2386 1444 2453 id

132 2492 209 2559 eina
232 2491 303 2559 ullo
324 2492 395 2560 fere
418 2495 568 2561 acumine
596 2502 697 2581 atquc
720 2494 817 2583 quasi
839 2494 966 2561 nullius
987 2495 1144 2561 momenti
1167 2494 1214 2560 sit
1232 2492 1443 2579 significatur

131 2603 279 2681 tantum,
303 2598 390 2685 quod
413 2599 448 2664 in
464 2598 630 2686 Operibus
653 2598 777 2687 optime
800 2599 990 2687 exponitur.
1028 2598 1254 2665 ‘imitatorem'
1273 2605 1309 2665 et
1328 2597 1441 2663 ‘inter-

131 2701 332 2788 polatorem’
349 2702 397 2770 sic
412 2725 542 2791 semper
558 2726 626 2770 rem
641 2703 843 2783 instituisse,
860 2711 899 2770 ut
915 2703 1060 2769 imitatio
1073 2709 1265 2791 praestaret
1280 2701 1440 2789 exemplo,

132 2805 194 2873 vix
217 2806 377 2874 credibile
399 2815 462 2875 est.
483 2846 525 2856 -
548 2808 608 2876 sed
629 2808 851 2896 producamus
868 2810 1159 2895 comparationem.
1197 2808 1231 2873 in
1247 2806 1442 2890 Theogonis

132 2932 224 2978 nova
246 2918 403 2979 creatura
425 2912 468 2979 ad
490 2913 634 2999 virginis
656 2912 797 3001 pudicae
827 2913 1012 3000 exemplum
1036 2912 1211 2998 effingitur
1233 2933 1254 2980 a
1276 2910 1441 2989 Vulcano,

99 3027 103 3034 '
132 3036 196 3083 nec
217 3037 351 3084 monere
374 3018 597 3104 praetermisi,
620 3041 718 3106 quam
741 3018 855 3106 inepte
877 3040 933 3084 res
951 3018 1002 3084 ita
1018 3019 1293 3085 constitueretur.
1333 3015 1442 3083 cuius·

133 3142 213 3186 nam
237 3120 381 3207 virginis
404 3122 524 3188 similis
548 3144 622 3190 esse
645 3129 781 3210 poterat
803 3122 912 3210 prima
935 3122 1066 3202 mulier,
1090 3144 1162 3189 cum
1186 3144 1228 3189 na
1251 3119 1443 3188 exstitisset

134 3225 270 3314 quidem
300 3247 406 3311 genus
436 3227 620 3295 muliebre?
663 3227 786 3294 iterum
815 3226 961 3315 Operum
995 3233 1096 3315 poeta
1125 3227 1222 3294 nobis
1252 3224 1442 3295 laudandus

134 3339 199 3414 ast,
224 3331 281 3419 qui
302 3332 443 3418 primam
467 3333 635 3399 mulierem
656 3332 792 3400 dearum
814 3332 1051 3399 immortalium
1070 3332 1212 3399 similem
1228 3353 1302 3399 esse
1317 3331 1443 3396 factam

134 3442 266 3503 narrat.
310 3457 371 3502 nec
401 3436 509 3503 'solum
540 3438 601 3504 boc
630 3438 714 3504 bene
745 3437 914 3520 instituit,
949 3437 1009 3504 sed
1031 3438 1133 3504 etiam
1156 3436 1280 3525 optime
1301 3435 1442 3523 primam

136 3540 312 3607 mulierem
338 3540 420 3608 dicit
447 3550 653 3626 παρθενικῆς
676 3544 779 3608 καλὸν
801 3537 892 3620 εἶδος
917 3541 1084 3627 ἐπήρατον
1107 3541 1152 3628 (ν.
1176 3542 1241 3623 63).
1289 3561 1380 3626 ergo,
1412 3537 1442 3605 si

137 3666 175 3711 re
205 3666 289 3712 vcra
320 3643 464 3732 Operum
497 3652 599 3733 poeta
631 3645 844 3732 Theogoniae
878 3646 1157 3734 interpolatorem
1190 3645 1344 3711 imitatus
1379 3647 1442 3725 est,

138 3750 241 3817 etiam
275 3750 422 3818 correxit
455 3773 680 3839 quaecumque
716 3751 775 3817 ille
808 3773 927 3838 parum
961 3751 1099 3817 dextere
1133 3749 1443 3817 administraverat.

138 3855 195 3943 qui
225 3854 274 3921 sic
302 3854 466 3938 imitatur,
495 3878 569 3921 eum
591 3855 700 3942 ipsum
723 3860 856 3943 poetam
880 3861 915 3922 et
938 3853 1145 3921 inventorem
1168 3854 1278 3921 dicere
1301 3852 1354 3919 fas
1377 3856 1441 3932 ast,

137 3981 203 4025 non
227 3958 441 4026 imitatorem.
464 3997 507 4008 -
531 3959 665 4027 deinde:
689 3983 788 4050 quam
810 3958 960 4027 consulto
976 3959 1120 4047 Operum
1144 3964 1245 4048 poeta
1267 3963 1303 4023 et
1317 3956 1441 4022 Miner·

137 4087 214 4131 vam
237 4068 273 4130 et
288 4063 452 4132 Venerem
476 4072 511 4131 et
534 4064 734 4131 Mercurium
756 4066 885 4152 primae
908 4064 1041 4131 mulieri
1065 4087 1104 4132 ea
1123 4064 1312 4131 attribuere
1339 4061 1440 4142 dicat,

138 4190 223 4257 quae
255 4169 415 4257 cuiusque
445 4177 588 4237 naturae
618 4170 756 4258 propria
787 4171 874 4251 sint,
914 4171 982 4235 iam
1012 4169 1177 4246 vidimus}
1216 4167 1300 4234 nibil
1331 4172 1443 4232 autam

138 4271 257 4340 consili
280 4271 492 4360 Theogoniae
521 4274 762 4362 interpolatori
791 4275 903 4341 inesse
926 4274 1000 4341 iure
1023 4273 1269 4349 contendimus,
1304 4293 1377 4337 cum
1399 4268 1441 4335 de

138 4376 292 4444 Minerva
314 4376 422 4444 dicat:
446 4382 526 4458 ζῶσε
549 4378 586 4445 dl
608 4379 663 4446 καὶ
686 4381 832 4464 κόσμησε
851 4386 886 4444 θ.
904 4384 955 4462 γλ.
967 4379 1010 4444 Ἀ.
1033 4377 1184 4464 ἀργυφέη
1206 4375 1333 4461 ἐσθῆτι.
1377 4396 1443 4463 qua

138 4481 178 4549 de
211 4504 314 4550 causa
345 4482 517 4550 Minervae
551 4489 605 4550 cst
639 4485 781 4551 feminas
816 4483 959 4551 ornare?
1003 4483 1125 4549 iterum
1158 4480 1265 4567 igitur
1296 4479 1442 4567 Operum

136 4593 248 4676 poeta,
261 4609 347 4675 quae
362 4609 384 4654 a
399 4587 611 4674 Theogoniae
626 4588 870 4676 interpolatore
885 4588 1075 4654 inconsulte
1098 4593 1134 4653 ct
1155 4586 1278 4653 leviter
1293 4591 1443 4653 tractata

101 4715 104 4720 ·
138 4691 277 4779 accepit,
300 4691 374 4778 ipsa
396 4714 518 4777 magna
541 4698 615 4759 arte
639 4693 813 4781 expolivit.
836 4729 879 4740 —
901 4714 962 4758 nec
984 4692 1074 4776 fugit
1098 4690 1320 4757 ‘imitatorem’
1344 4691 1378 4755 in
1402 4711 1441 4757 eo

137 4796 351 4882 Theogoniae
382 4796 658 4884 interpolatorem
690 4819 862 4884 peccasse,
891 4796 980 4883 quod
1010 4796 1142 4861 omnino
1172 4795 1256 4861 nibil
1281 4796 1322 4862 de
1345 4793 1442 4861 malis

140 4900 292 4969 mulieris
315 4900 463 4969 moribus
486 4901 631 4987 diceret,
665 4924 748 4990 quos
771 4907 883 4969 tamen
906 4900 1035 4987 primae
1058 4899 1191 4968 mulieri
1218 4900 1343 4968 inditos
1366 4920 1441 4966 csse
