3659 5509
775 452 819 519 27

221 628 279 698 Ad
300 651 370 698 rem
396 626 659 716 mythologioam
681 627 827 695 nondum
849 625 1040 716 aggredior,
1075 646 1275 715 quamquam
1296 623 1359 692 hoc
1381 622 1449 691 iam

115 733 203 803 loco
230 758 287 804 ras
309 735 395 804 satis
425 757 547 821 graves
573 735 696 803 afferre
718 735 854 822 possim.
897 735 996 802 immo
1018 733 1161 822 primum
1183 732 1288 800 verba
1310 729 1441 799 tradita

115 846 350 930 pertractare
371 841 476 909 lubet.
513 840 630 929 itaque
645 863 731 911 nuno
749 841 792 908 ad
809 840 954 930 Operum
974 837 1290 928 interpretationem
1312 835 1444 905 accedo.

693 1105 825 1195 caput
844 1104 891 1176 Π.

577 1235 629 1315 lle
657 1235 806 1337 Operum
834 1233 1012 1314 Pandora.

223 1379 418 1447 Promethei
441 1386 477 1448 et
491 1380 685 1448 ‘Pandorae’
704 1380 839 1448 fabulae
862 1381 951 1467 apud
966 1377 1152 1469 Hesiodum
1170 1377 1294 1445 iterum
1311 1381 1448 1444 exstant

124 1483 284 1573 Operum
317 1485 352 1551 in
385 1487 539 1554 versibus
570 1486 722 1553 50—150
758 1486 878 1575 quibus
913 1483 1104 1552 Promethei
1142 1483 1259 1550 fabula
1297 1484 1448 1550 breviter

122 1590 308 1658 indicatur
336 1591 450 1678 potius
473 1613 573 1680 quam
594 1598 764 1659 narratur.
810 1596 1087 1658 commemoratur
1109 1594 1242 1657 tantum
1264 1588 1353 1674 ignis
1377 1588 1447 1655 fur·

124 1703 223 1777 tum,
261 1696 350 1784 quod
379 1718 444 1784 quo
473 1697 570 1763 modo
598 1697 755 1784 Iuppiter
786 1696 879 1762 ultus
914 1695 961 1762 sit
992 1695 1186 1783 exponitur:
1220 1694 1303 1761 haec
1336 1693 1446 1760 altera

122 1800 259 1868 fabula
281 1802 480 1869 summersi
503 1806 566 1869 est.
612 1825 686 1869 cum
709 1809 821 1869 autem
844 1801 1014 1890 inpriore
1037 1799 1326 1868 commentationis
1349 1805 1448 1886 parte

125 1905 172 1971 de
209 1928 336 1972 conexu
367 1906 503 1974 fabulae
525 1905 719 1974 Promethei
750 1930 823 1975 cum
855 1906 962 1994 ipsius
993 1905 1148 1973 carminis
1181 1910 1379 1990 argumento
1412 1909 1447 1970 et

126 2031 196 2097 per
226 2010 384 2077 carminis
417 2011 567 2078 ordinem
598 2018 634 2080 et
662 2034 723 2099 per
752 2011 887 2079 fabulae
918 2011 1052 2078 initium
1081 2010 1200 2078 statim
1224 2015 1317 2076 certa
1346 2031 1446 2095 argu·

126 2121 252 2182 menta
283 2116 407 2183 afferre
439 2116 589 2202 licuerit,
623 2117 658 2184 in
682 2117 829 2205 Operum
850 2117 969 2185 fabula
997 2115 1237 2206 pertractanda
1268 2137 1323 2182 res
1345 2114 1446 2203 plane

130 2219 243 2287 aliter
273 2226 327 2287 est
355 2227 558 2309 comparata.
603 2222 821 2310 nequeenim
848 2222 883 2288 id
906 2223 1014 2290 solum
1037 2222 1221 2311 quaeritur,
1252 2243 1357 2310 quae
1381 2243 1448 2288 cm-

129 2324 218 2390 nino
251 2325 368 2392 fabula
399 2331 572 2409 narretur,
608 2350 736 2415 quaeve
767 2327 974 2395 narrationis
1005 2334 1123 2415 partes
1153 2331 1327 2410 vetustae,
1364 2348 1450 2413 quae

130 2429 364 2517 interpolatae
395 2431 481 2514 sint,
515 2433 576 2499 sed
605 2433 708 2500 etiam
737 2432 772 2499 id
795 2432 1022 2522 quaerendum
1048 2439 1117 2517 est,
1150 2438 1264 2499 utrum
1290 2435 1448 2499 vetustae

129 2534 275 2601 fabulae
297 2541 414 2622 partes
431 2539 472 2604 ab
489 2536 562 2624 ipso
577 2538 725 2605 Hesiodo
741 2538 776 2605 in
792 2538 913 2626 Opera,
938 2537 1016 2604 dum
1031 2537 1127 2605 modo
1144 2537 1215 2605 sint
1233 2560 1334 2603 unum
1348 2538 1449 2604 unius

129 2644 257 2727 poetae
280 2662 374 2728 opus,
399 2641 529 2710 inserta
553 2643 622 2709 sint
644 2665 757 2710 necne.
802 2645 883 2711 haec
903 2644 991 2711 euim
1013 2643 1112 2710 valde
1132 2643 1235 2710 dubia
1252 2648 1287 2709 et
1302 2641 1449 2709 difficilis

134 2749 194 2810 est
209 2745 375 2832 quaestio,
397 2753 510 2813 utrum
526 2747 637 2835 Opera
652 2770 754 2814 unum
770 2748 839 2816 sint
853 2772 985 2816 carmen
1002 2771 1043 2815 an
1060 2748 1093 2814 in
1113 2747 1284 2834 complura
1302 2746 1452 2813 carmina

132 2848 209 2917 sint
232 2849 433 2934 divellenda,
456 2850 491 2918 id
514 2852 611 2940 quod,
635 2858 675 2918 ut
693 2854 842 2940 exposui,
866 2853 1094 2921 Kirchhoffius
1109 2875 1216 2940 nuper
1231 2852 1449 2938 comprobare

133 2952 281 3021 studuit.
326 2954 488 3022 faciamus
516 2962 629 3024 autem
652 2957 893 3024 Kirchhoffium
917 2980 1066 3026 errasse:
1096 2962 1207 3025 restat
1230 2956 1384 3046 quaestio
1408 2956 1449 3024 de

133 3056 331 3126 Promethei
362 3059 604 3151 Pandoraeque
636 3064 772 3131 fabulae
804 3063 944 3149 origine.
996 3065 1112 3153 itaque
1144 3063 1241 3146 haec,
1276 3062 1320 3130 ad
1351 3084 1451 3149 quam

134 3162 370 3248 aggredimur,
403 3166 444 3233 de
467 3166 612 3255 Operum
641 3168 758 3236 fabula
786 3169 939 3257 quaestio
970 3175 1044 3237 arte
1076 3192 1149 3235 cum
1181 3169 1378 3256 quaestione
1410 3167 1450 3233 de

134 3267 249 3356 ipsius
273 3271 431 3337 carminis
453 3294 585 3358 genere,
609 3274 751 3354 ratione,
776 3274 1015 3361 compositione
1039 3279 1093 3341 est
1115 3274 1300 3341 coniuncta.

227 3371 377 3440 Primum
399 3385 512 3443 autem
542 3378 647 3445 solam
670 3377 821 3445 fabulam
844 3379 1070 3467 pertractabo,
1106 3378 1203 3467 quasi
1233 3399 1366 3445 carmen
1397 3376 1451 3442 sui

127 3476 225 3543 viuris
250 3478 305 3562 sit,
337 3487 377 3546 ut
399 3480 449 3547 ita
472 3482 588 3566 dicam,
621 3506 686 3550 non
710 3483 797 3551 alius
820 3485 979 3550 carminis
1002 3507 1096 3571 pars,
1124 3482 1322 3550 utinterim
1344 3503 1450 3569 neque

136 3589 310 3650 auctorem
334 3607 455 3667 curem,
487 3609 593 3675 neque
617 3611 776 3655 conexum
799 3588 936 3656 fabulae
966 3611 1040 3655 cum
1063 3587 1209 3677 Operum
1239 3595 1448 3673 argumento.

138 3687 231 3773 quod
254 3688 298 3755 ad
322 3694 492 3758 auctorem
513 3693 649 3775 attinet,
673 3694 759 3760 hanc
781 3692 933 3760 fabulam
955 3716 1028 3760 cum
1044 3692 1239 3779 Theogonia
1255 3713 1450 3779 comparare

139 3791 290 3878 perutile
314 3794 396 3861 erit:
428 3802 542 3863 utrum
566 3796 712 3885 Operum
736 3798 979 3886 ‘interpolator’
1004 3796 1199 3884 Theogonia
1221 3819 1302 3863 usus
1326 3796 1381 3879 sit,
1414 3795 1449 3861 id

139 3896 229 3984 quod
251 3897 318 3964 viri
342 3898 431 3965 docti
454 3900 655 3969 contendere
678 3901 789 3968 solent
812 3902 867 3986 (cf.
885 3902 1025 3968 Kirchh.
1045 3902 1069 3970 l.
1084 3902 1107 3970 l.
1126 3925 1180 3990 pg.
1196 3901 1263 3990 47),
1288 3923 1451 3990 quaeren-

141 3998 221 4066 dum
237 4002 304 4068 erit
319 4025 431 4070 necne.
466 4012 634 4091 postremo
652 4007 692 4072 de
707 4006 900 4074 Promethei
917 4006 1157 4096 Pandoraeque
1172 4006 1307 4074 fabulae
1323 4026 1450 4073 conexu

141 4125 216 4171 cum
238 4105 323 4193 ipsis
346 4107 513 4195 Operibus
536 4111 689 4198 quaestio
713 4111 895 4178 tractanda
918 4113 1001 4194 erit,
1031 4134 1117 4199 quae
1146 4111 1218 4178 sine
1245 4111 1449 4198 interpreta-

139 4210 233 4277 tione
254 4211 380 4298 prioris
404 4212 549 4301 Operum
571 4216 681 4302 partis
706 4214 843 4283 institui
865 4237 931 4282 non
954 4217 1091 4304 poterit.

226 4314 434 4386 Accedamus
464 4318 572 4405 igitur
601 4320 644 4387 ad
666 4319 775 4407 ipsam
797 4319 958 4387 fabulam.
1003 4319 1164 4409 incipitur
1186 4318 1339 4386 narratio
1362 4317 1452 4404 ignis

141 4417 234 4485 furto
263 4420 415 4489 breviter
443 4431 698 4492 commemorato
722 4426 790 4510 (vv.
814 4425 940 4508 50l52).
991 4425 1095 4493 verba
1123 4425 1227 4506 κρύψε
1249 4421 1286 4489 dl
1309 4433 1376 4508 πῦρ
1407 4421 1450 4490 ad

141 4521 255 4590 Iovem
286 4526 471 4612 pertinent.
522 4526 743 4596 Prometheus
776 4529 888 4614 ignem
918 4526 1012 4607 αὖτις
1042 4530 1177 4597 furatus
1209 4549 1283 4596 esse
1315 4526 1449 4610 dicitur,

144 4632 180 4694 et
201 4627 237 4694 in
258 4628 351 4696 Iovis
374 4631 508 4719 quidem
531 4633 684 4701 custodia
707 4634 869 4722 positum:
894 4637 979 4712 Διὸς
1001 4635 1091 4720 πάρα
1112 4635 1320 4718 μητιόεντος,
1351 4654 1449 4721 quem

143 4729 248 4798 latuit
272 4742 428 4824 surrepto
450 4736 529 4822 igue
552 4738 586 4804 in
611 4737 700 4806 dolio
724 4762 816 4806 cavo.
850 4739 954 4805 verba
977 4739 1082 4823 κρύψε
1098 4736 1135 4804 dl
1151 4747 1218 4823 πῦρ
1241 4736 1330 4822 ignis
1353 4760 1451 4804 usum

141 4835 310 4905 ademisse
347 4839 534 4908 hominibus
567 4841 682 4908 Iovem
714 4843 844 4924 dicunt,
879 4864 976 4930 quem
1008 4841 1228 4909 Prometheus
1262 4841 1450 4909 hominibus

143 4939 302 5010 reddidit.
349 4944 427 5031 igne
455 4953 613 5034 surrepto
635 4947 791 5035 luppiter
822 4952 857 5015 et
879 4947 947 5035 ipsi
969 4945 1169 5016 Prometheo
1192 4950 1228 5015 et
1249 4945 1448 5031 hominibus,
