3659 5509
990 435 1033 501 30

357 611 519 680 mandata
541 611 625 680 effici
647 614 805 697 narraot;
830 633 915 698 quae
938 614 1051 678 autem
1074 610 1153 678 aliis
1176 610 1398 680 mandaverat
1420 612 1462 680 ab
1480 612 1559 680 aliis
1582 636 1672 681 nunc

356 717 554 800 efficiuntur,
586 716 641 784 vel
665 716 723 804 qui
750 715 911 783 mandata
939 724 1141 804 acceperunt
1171 717 1239 783 alia
1267 740 1354 784 nunc
1383 722 1485 805 atque
1508 718 1669 786 mandata

356 829 454 890 erant
476 821 633 889 efficiunt.
672 820 847 888 Vulcanus
870 820 1036 907 virginem
1061 821 1218 907 effingere
1240 822 1354 888 iussus
1378 822 1421 889 ad
1445 822 1585 890 dearum
1609 824 1667 890 im·

356 927 550 995 mortalium
572 925 758 1014 exemplum
781 925 912 1010 effingit
934 926 1064 1013 aliquid
1086 966 1126 975 —
1152 926 1232 1014 quid
1255 926 1358 993 sitin
1382 927 1524 994 obscuro
1548 936 1667 995 est-
1692 923 1701 932 ’

355 1032 500 1118 virginis
523 1031 664 1119 pudicae
687 1031 805 1098 simile.
852 1030 973 1098 deinde
995 1030 1158 1111 Minerva,
1189 1055 1287 1119 quam
1310 1032 1463 1098 consulto
1488 1031 1668 1100 muliebria

357 1160 461 1226 opera
488 1159 610 1204 novam
641 1139 832 1204 creaturam
861 1138 980 1203 docere
1011 1143 1112 1223 poeta
1141 1160 1171 1202 v.
1196 1137 1239 1203 64
1268 1138 1439 1219 narravit,
1476 1137 1529 1204 hic
1560 1138 1668 1223 cingit

355 1265 428 1309 eam
450 1246 552 1330 atque
575 1247 731 1308 exornat:
758 1248 850 1309 recte
873 1242 940 1308 iam
963 1239 1195 1327 Goettlingius
1219 1242 1325 1309 verba
1346 1247 1428 1322 ζῶσε
1452 1240 1489 1308 δὲ
1511 1241 1566 1308 καὶ
1587 1246 1667 1307 κόσ-

352 1365 436 1433 μησε
460 1348 507 1413 ‘de
529 1353 610 1413 veste
634 1349 704 1428 ipsa
724 1346 943 1431 intelleycodo'
972 1369 1045 1413 esse
1074 1346 1218 1430 monuit;
1253 1347 1333 1435 quid
1366 1354 1478 1414 autem
1508 1348 1666 1415 versibus

353 1454 396 1519 63
420 1458 456 1521 et
477 1452 520 1519 64
546 1451 680 1520 collatis
710 1451 855 1535 eveniat,
886 1451 951 1519 nisi
981 1451 1052 1518 illic
1082 1451 1150 1518 alia
1172 1452 1345 1519 Minervae
1376 1452 1529 1519 mandari
1561 1458 1666 1541 atque

352 1559 407 1626 hic
429 1557 539 1640 efficit,
564 1580 630 1623 6ο6
652 1556 751 1624 video
774 1556 830 1644 (cf.
848 1555 976 1624 Goettl.
994 1557 1092 1639 adn).
1110 1594 1151 1606 -
1168 1564 1354 1645 sequuntur
1371 1557 1523 1637 Gratiae,
1540 1556 1665 1640 Suada,

353 1663 477 1747 Horae,
512 1685 598 1751 quae
629 1685 750 1730 aureas
781 1663 966 1729 munditias
997 1668 1098 1751 atque
1128 1663 1247 1729 florum
1278 1685 1418 1730 coronas
1448 1663 1574 1749 virgini
1606 1663 1667 1728 im·

351 1776 491 1856 ponunt.
536 1792 614 1835 num
642 1768 756 1835 iussae
779 1768 840 1835 hoc
861 1767 1015 1835 faciunt?
1060 1791 1137 1834 num
1169 1769 1300 1835 omnino
1332 1768 1460 1834 talibus
1490 1767 1531 1835 ds
1562 1769 1665 1835 rebus

353 1874 486 1942 locutus
520 1881 575 1941 est
603 1880 705 1961 poeta
735 1895 894 1940 versuum
927 1873 1220 1940 antecedentium?
1263 1873 1334 1940 illic
1366 1872 1519 1941 consulto
1546 1872 1666 1940 Venus

353 2001 394 2047 66
416 1980 538 2047 afferre
563 1979 650 2045 dona
673 1978 806 2062 dicitur,
838 2001 924 2067 quae
953 1979 1027 2045 sola
1049 1979 1166 2047 Venus
1190 1979 1271 2046 dare
1296 1984 1419 2066 potest.
1465 1978 1519 2045 hic
1550 1985 1666 2045 antem

355 2084 511 2166 Gratiae,
545 2085 674 2165 Horae,
709 2082 825 2152 Suada
856 2084 945 2172 quod
978 2083 1111 2150 minime
1146 2084 1189 2150 ad
1220 2107 1290 2152 rem
1322 2085 1473 2171 pertinet
1504 2083 1665 2150 efficiunt.

353 2212 437 2279 quas
467 2190 540 2256 iure
569 2188 677 2278 ipsam
700 2187 866 2255 Venerem
888 2189 962 2255 fere
985 2189 1111 2256 eisdem
1138 2190 1239 2256 rebus
1261 2211 1424 2256 exornare
1448 2189 1666 2257 statuendum

354 2299 408 2361 cst
437 2294 472 2360 in
499 2292 701 2381 Cypriorum
730 2293 920 2379 fragmento
951 2294 1006 2374 3,1
1031 2298 1069 2361 K.
1123 2316 1230 2382 neque
1264 2293 1399 2360 dubium
1431 2315 1506 2361 esse
1537 2300 1664 2381 potest,

353 2398 433 2488 quin
466 2420 625 2465 versuum
657 2399 796 2464 73-75
829 2405 944 2486 poeta,
987 2399 1045 2486 qui
1080 2399 1140 2465 hoc
1174 2399 1306 2466 nomine
1340 2399 1398 2467 vix
1432 2398 1554 2484 dignus
1590 2420 1668 2465 esse

352 2504 497 2586 videtur,
520 2501 723 2591 Cypriorum
746 2525 865 2571 versus
888 2503 1080 2570 iamdudum
1104 2504 1146 2571 ad
1169 2504 1256 2570 hunc
1279 2503 1387 2570 locum
1410 2527 1430 2571 a
1451 2504 1537 2570 viris
1554 2504 1667 2570 doctis

354 2608 477 2676 allatos
500 2609 654 2675 imitatus
678 2609 734 2675 sit.
780 2608 994 2695 comparandi
1019 2609 1122 2675 etiam
1151 2616 1231 2675 sunt
1253 2609 1369 2696 hymni
1392 2608 1550 2676 homerici
1574 2608 1665 2675 sexti

354 2737 408 2781 vv.
434 2714 542 2795 lOlll.
589 2736 723 2781 versum
750 2714 792 2779 76
822 2721 934 2779 autem
962 2736 1028 2780 non
1059 2714 1167 2780 solum
1190 2736 1264 2780 cum
1292 2713 1446 2780 Bentleio
1475 2714 1666 2801 ceterisque

352 2819 518 2885 removeri
540 2840 624 2905 opus
648 2823 711 2901 est,
735 2818 794 2885 sed
817 2818 1005 2905 etiamque
1029 2819 1167 2886 consilio
1192 2820 1239 2886 sit
1261 2819 1420 2886 inventus
1444 2819 1663 2906 comprobari.

350 2923 575 3011 interpolator
598 2923 721 3011 aliquis
745 2929 862 3010 aperte
887 2946 1021 2990 versum
1041 2926 1070 2997 Ξ
1091 2925 1152 2990 187
1175 2924 1329 2991 imitatus
1352 2947 1485 2991 versum
1506 2924 1662 3007 inseruit,

350 3050 393 3095 ne
409 3050 481 3095 eum
497 3028 660 3111 Minerva,
678 3034 749 3093 tum
766 3026 918 3110 Gratiae,
940 3028 1063 3110 Suada,
1080 3027 1193 3095 Horae
1213 3029 1395 3096 exornandi
1412 3028 1579 3114 virginem
1595 3051 1663 3093 mu·

351 3156 415 3201 nus
438 3133 658 3222 susciperent.
699 3132 787 3220 quod
807 3132 914 3218 igitur
933 3155 1054 3200 versus
1073 3134 1202 3200 72-75
1223 3134 1273 3201 his
1294 3134 1420 3201 deabus
1442 3133 1661 3215 distribuunt,

352 3262 372 3307 a
402 3237 476 3306 sola
506 3237 660 3305 Minerva
689 3237 774 3304 effici
804 3237 929 3304 voluit:
965 3239 1100 3304 πάντα
1123 3238 1163 3305 δέ
1183 3240 1219 3307 ol
1242 3239 1323 3324 χροΐ
1344 3241 1471 3323 κόσμον
1493 3237 1664 3324 ἐφήρμοσε

352 3345 489 3420 Παλλὰς
513 3343 646 3428 Ἀθήνη.
690 3342 806 3430 itaque
838 3342 1063 3429 interpolator
1094 3364 1195 3409 versu
1222 3343 1264 3409 76
1295 3364 1416 3409 versus
1446 3342 1577 3407 72-75
1609 3363 1663 3406 ex-

349 3448 476 3537 pellere
495 3447 612 3514 voluit.
649 3446 795 3530 Peleius,
820 3446 878 3536 qui
900 3469 1034 3514 versum
1050 3448 1092 3513 76
1109 3470 1170 3535 pro
1185 3469 1251 3514 uno
1267 3469 1368 3513 versu
1386 3446 1427 3511 72
1449 3444 1564 3512 fictum
1588 3467 1662 3512 esse

349 3552 514 3619 iudicavit
526 3551 590 3635 (cd.
603 3575 654 3639 pr.
666 3575 699 3640 p.
712 3552 777 3640 15),
794 3552 905 3620 omnia
920 3575 1005 3641 quae
1020 3553 1176 3619 versibus
1187 3553 1317 3618 72-75
1330 3550 1493 3634 Minerva,
1509 3550 1661 3633 Gratiae,

350 3657 474 3740 Horae,
497 3655 613 3724 Suada
633 3656 756 3724 fecisse
780 3657 947 3739 dicuntur,
970 3679 1072 3725 versu
1096 3659 1137 3724 76
1160 3658 1219 3723 661
1242 3657 1415 3723 Minervas
1439 3655 1582 3722 attribui
1604 3678 1663 3721 ne·

350 3761 468 3849 glexit.
489 3801 531 3812 -
552 3761 739 3829 Mercurius
763 3766 875 3830 autem
899 3762 992 3828 solus
1015 3784 1100 3849 quae
1122 3761 1277 3850 Iuppiter
1301 3762 1331 3828 ei
1355 3783 1459 3848 supra
1480 3761 1664 3847 imperavit

351 3867 452 3954 facit,
476 3889 584 3955 neque
603 3889 683 3934 vero
706 3866 768 3935 illa
790 3866 896 3934 solum
921 3868 1081 3934 mandata
1104 3867 1216 3949 efficit,
1240 3866 1420 3933 sedetiam
1435 3887 1549 3932 vocem
1566 3864 1665 3931 addit

351 3995 458 4041 novae
489 3976 683 4056 creaturae,
718 3973 772 4039 cui
804 3973 946 4062 denique
978 3995 1096 4040 nomen
1130 3970 1326 4039 ‘Pandorae’
1359 3970 1493 4037 dedisse
1526 3969 1661 4036 dicitur.

352 4101 440 4146 nova
472 4076 580 4164 igitur
614 4077 756 4145 offensio
788 4077 935 4146 exsistit.
992 4101 1107 4144 vocem
1139 4077 1226 4143 enim
1257 4076 1431 4144 Vulcanus
1466 4072 1662 4141 ‘Pandorae’

349 4183 465 4251 indere
488 4183 624 4249 iubetur
646 4185 692 4267 (v.
716 4182 783 4269 61),
813 4206 921 4271 neque
952 4182 1156 4251 scholiastae
1180 4182 1409 4249 differentiam
1439 4180 1529 4247 inter
1557 4178 1663 4246 verba

351 4288 436 4373 αὐδή
464 4287 511 4372 (v.
535 4286 591 4372 61)
621 4292 657 4354 et
687 4291 784 4375 φωνή
812 4293 856 4371 (v.
887 4291 943 4376 79)
973 4294 1105 4356 tantam
1137 4308 1211 4354 csse
1246 4286 1478 4368 concedemus,
1512 4289 1553 4350 ut
1580 4304 1662 4350 vere

350 4391 492 4459 alteram
527 4391 716 4475 Vulcanus,
758 4392 900 4460 alteram
938 4393 1127 4461 Mercurius
1172 4392 1254 4459 dare
1297 4392 1416 4479 possit.
1477 4388 1665 4457 scholiasta

350 4518 423 4563 cum
450 4496 543 4564 aliud
572 4519 647 4564 esse
678 4498 795 4583 αὐδήν,
826 4497 919 4565 aliud
942 4503 1061 4586 φωνήν
1089 4498 1217 4566 statuit
1244 4496 1344 4563 nimis
1375 4494 1548 4561 subtiliter
1576 4492 1663 4579 agit.

352 4622 428 4666 nam
451 4601 554 4678 ἵππος
575 4603 711 4687 adderis
734 4603 782 4686 (T
798 4601 876 4690 408)
899 4609 954 4669 est
976 4626 1080 4690 equus
1105 4601 1262 4691 loquendi
1285 4599 1451 4668 facultate
1474 4598 1663 4686 praeditus.

354 4703 568 4791 Theogoniae
599 4707 825 4795 interpolator
855 4714 1016 4794 portenta
1046 4707 1120 4790 illa,
1158 4729 1243 4795 quae
1266 4705 1441 4774 Vulcanus
1465 4701 1662 4771 ‘Pandorae’

351 4809 443 4878 vesti
458 4810 592 4895 intexit,
616 4812 729 4901 ζῴοισι
746 4812 876 4881 ἐοικότα
892 4817 1085 4901 φωνήεσσιν
1101 4834 1175 4879 csse
1192 4812 1275 4878 dicit
1290 4810 1429 4898 (Theog.
1445 4809 1534 4894 584),
1556 4807 1608 4875 ica
1623 4811 1666 4872 ut

351 4917 442 4985 inter
465 4918 571 4986 verba
594 4918 730 5005 αὐδήεις
752 4926 787 4988 et
805 4923 953 5006 φωνήεις
976 4918 1153 4987 discrimen
1175 4921 1329 4986 statuere
1351 4939 1416 4984 6ο6
1431 4914 1543 4983 liceat.
1581 4910 1667 5001 quid
