3659 5509
766 430 809 498 25

127 602 239 692 desit,
267 604 310 675 (16
331 604 394 676 bae
414 603 623 694 reloquitur
644 628 700 675 vv.
722 604 906 674 ore-514
951 603 1060 696 prims
1081 603 1203 673 mulier
1226 601 1322 673 Iovis
1344 601 1445 672 iussu

126 709 228 780 facta
249 712 295 782 ab
310 711 542 801 Epimetheo
559 711 732 800 accipitur,
755 711 813 801 qui
827 712 890 781 hoo
909 718 1063 799 regesta
1077 711 1182 779 viris
1200 732 1321 798 magno
1340 708 1445 778 detri-

125 822 247 885 mento
269 840 344 887 esse
372 817 505 887 dicitur.
550 823 589 886 at
618 818 719 906 plane
745 817 849 887 aliter
872 840 1030 886 versuum
1052 817 1225 885 570-589
1247 822 1350 905 posta
1372 837 1443 883 rem

125 929 262 991 narrat.
305 923 342 990 in
366 921 592 991 hominum
614 923 702 991 enim
724 923 927 1012 deorumque
951 922 1126 992 concilium
1148 922 1257 1010 prima
1279 921 1400 990 mulier
1422 943 1445 988 a

125 1026 216 1097 Iove
239 1029 379 1097 ducitur.
425 1052 505 1116 ergo
532 1028 562 1097 is
593 1030 650 1118 qui
672 1052 792 1098 versus
815 1030 880 1096 512
904 1053 955 1118 66.
979 1028 1167 1118 composuit
1189 1052 1244 1095 vv.
1268 1025 1443 1094 570-612

126 1132 315 1219 ignorabat
336 1157 396 1203 nec
418 1135 586 1223 copiosius
608 1158 678 1204 rem
702 1140 904 1204 narraturus
929 1141 1015 1204 6661.
1062 1139 1164 1222 61666
1186 1133 1260 1200 1666
1282 1132 1442 1222 Meyerua

127 1240 231 1321 ‘quid
260 1239 380 1328 inquit,
409 1243 467 1309 boc
487 1247 621 1308 cenacto
641 1242 765 1325 6166166
786 1242 822 1307 ol
841 1242 963 1326 ἄνδρες
982 1239 1160 1322 fererant?
1190 1239 1264 1307 iure
1287 1261 1326 1305 ae
1351 1243 1444 1307 recte

126 1344 278 1431 quaerit,
301 1350 412 1412 tamen
435 1346 544 1414 minus
566 1352 656 1413 recte
671 1346 900 1431 quaestionem
921 1344 1099 1413 absolvers
1115 1342 1261 1412 videtur.
1296 1343 1364 1412 etsi
1380 1345 1445 1427 ‘qui

120 1456 255 1531 poetam
275 1451 443 1517 audiebant
464 1451 519 1518 boc
539 1451 689 1518 sciebant
711 1451 746 1538 (l.
762 1450 784 1517 l.
800 1473 855 1539 pg.
872 1452 937 1534 36),
972 1455 1074 1538 pocta
1096 1449 1239 1537 primum
1261 1449 1303 1517 (16
1326 1449 1443 1532 ‘viris’‚

128 1576 204 1622 non
226 1553 267 1621 de
291 1554 477 1622 bominibus
499 1555 602 1644 loqui,
626 1554 746 1624 deinde
768 1556 848 1644 quid
865 1555 999 1642 virgine
1021 1555 1148 1622 factum
1167 1561 1260 1623 esset
1275 1576 1442 1643 exponere

128 1658 263 1726 debuit.
314 1668 352 1727 61
382 1664 542 1728 neutrum
572 1659 672 1745 fecit,
704 1661 763 1728 sed
797 1661 848 1729 ita
879 1659 1028 1729 fabulam
1051 1660 1216 1744 narravit,
1249 1665 1290 1727 ut
1313 1660 1370 1728 vix
1395 1660 1445 1725 in-

127 1763 255 1850 tellegi
282 1765 400 1853 possit.
446 1767 566 1855 quibus
599 1766 751 1834 omnibus
782 1766 891 1853 igitur
921 1766 962 1833 de
988 1766 1099 1834 causis
1125 1788 1247 1833 versus
1270 1764 1444 1833 oro-612

128 1869 358 1958 interpolatos
388 1893 462 1939 6666
490 1893 616 1939 666666.
662 1894 769 1960 66666
798 1871 906 1958 igitur
928 1870 1099 1938 Hesiodus
1129 1870 1290 1958 sibiipsa
1313 1870 1445 1938 estob-

129 1973 278 2058 locutus,
306 1975 363 2063 qui
386 1998 544 2043 versuum
565 1976 740 2045 512-514
763 1982 888 2044 natura
910 1999 947 2044 se
971 1976 1099 2064 primae
1122 1975 1273 2043 mulieris
1295 1973 1445 2043 fabulam

129 2101 201 2145 non
229 2086 443 2147 narraturum
467 2103 542 2148 esse
574 2081 748 2149 indicavit.
794 2103 901 2171 nequo
924 2082 1032 2168 igitur
1055 2081 1211 2149 dubitare
1233 2081 1331 2165 licet,
1364 2079 1445 2169 quin

129 2184 238 2252 etiam
260 2208 314 2253 vv.
337 2186 510 2253 ooo-612
539 2209 560 2254 a
587 2187 781 2273 Theogonis
812 2186 915 2254 alieni
945 2186 1033 2269 sint,
1069 2208 1267 2275 quamquam
1300 2185 1357 2274 qui
1387 2207 1445 2253 666

129 2288 268 2357 invenit
289 2290 441 2357 consulto
463 2293 587 2377 ἄνδρας
609 2291 702 2373 (11611,
725 2314 790 2359 666
813 2290 1019 2378 ἀνθρώπους
1041 2292 1086 2378 (v.
1110 2291 1197 2374 592).
1237 2291 1300 2359 hae
1327 2312 1365 2358 re
1387 2313 1442 2357 vn.

130 2393 325 2477 590-612,
358 2396 511 2484 quamvis
534 2402 610 2463 arte
633 2396 704 2462 sint
726 2395 866 2463 consilio
890 2403 926 2463 at
949 2418 1050 2463 sensu
1073 2418 1146 2464 cum
1169 2395 1446 2464 antecedentibus

132 2498 314 2582 coniuncti,
338 2504 429 2567 certe
452 2502 495 2567 ab
518 2523 631 2568 eorum
655 2501 786 2587 origine
809 2507 1042 2569 secernuntur.
1084 2499 1172 2589 quod
1195 2507 1309 2569 autem
1331 2499 1373 2568 de
1396 2499 1445 2567 eia

131 2602 295 2670 iudicium
322 2604 496 2672 ferendum
526 2605 589 2690 sit,
621 2613 742 2694 postea
764 2606 962 2674 videbimus.
1010 2606 1168 2674 hocloco
1194 2629 1248 2674 vv.
1272 2603 1446 2673 570-612

132 2708 170 2775 iu
196 2707 423 2794 Theogoniam
445 2710 487 2776 ab
507 2710 656 2779 Hesiodo
679 2734 843 2779 6666666
866 2711 1014 2779 insertos
1038 2711 1124 2779 satis
1148 2716 1202 2778 est
1223 2709 1444 2778 intellexisse.

224 2812 324 2896 Quod
353 2814 397 2881 ad
427 2814 563 2901 singula
585 2816 722 2900 attinet,
752 2839 872 2885 versus
895 2817 996 2901 57517
1020 2815 1239 2884 removendos
1262 2838 1336 2883 6666
1359 2814 1446 2881 Η66·

136 2939 281 2987 mannus
304 2919 371 2986 iem
394 2920 633 3008 comprobavit.
666 2922 797 2990 inventi
819 2921 1096 3006 666161166666
1114 2942 1272 2988 versuum
1296 2919 1360 2987 578
1375 2941 1447 3006 666.

135 3023 341 3092 obtinerent.
375 3025 463 3114 quod
486 3030 598 3093 autem
621 3026 791 3095 Rzachius
814 3027 869 3115 (cf.
885 3025 1153 3113 adnotationem)
1170 3047 1243 3092 oum
1254 3024 1447 3092 Hermanno

135 3151 261 3197 versus
285 3128 344 3196 alii
367 3130 554 3198 recensioni
577 3132 735 3199 carminis
758 3155 855 3222 quam
878 3131 980 3218 fingit
1002 3130 1164 3200 attribuit
1186 3130 1299 3196 miror.
1341 3149 1448 3216 neque

133 3233 226 3302 enim
247 3239 327 3321 post
343 3233 518 3321 Meyerum
541 3235 582 3304 ds
605 3237 832 3325 compluribus
847 3236 1063 3323 Theogoniae
1086 3233 1337 3304 recensionibus
1357 3231 1446 3318 cogi-

133 3343 212 3405 tare
227 3337 316 3422 licet,
340 3360 414 3406 oum
427 3339 654 3426 Theogoniam
665 3364 840 3430 -nempe
856 3348 966 3410 totum
980 3364 1113 3410 carmen
1129 3340 1261 3409 dico-
1277 3337 1379 3407 semel
1395 3359 1446 3404 re·

133 3447 320 3510 1666161666
336 3449 371 3510 61
385 3444 420 3510 16
436 3467 508 3512 eam
524 3445 664 3513 formam
681 3469 747 3534 666
761 3470 822 3514 666
838 3469 911 3514 eam
926 3445 1070 3532 legimus
1085 3445 1259 3515 redactam
1271 3466 1345 3512 esse
1361 3464 1446 3511 com·

134 3546 343 3635 probaverit.
381 3570 500 3616 versus
514 3550 616 3631 57617
632 3558 744 3618 autem
762 3551 797 3617 in
812 3552 922 3639 ipsam
937 3550 1232 3639 interpolationem
1248 3552 1329 3617 sunt
1344 3548 1447 3614 inter·

134 3651 254 3740 polati.
281 3674 342 3720 nec
351 3651 452 3721 aliter
461 3676 516 3722 666
526 3677 562 3723 66
572 3656 675 3723 habet
684 3655 725 3723 (16
735 3678 837 3724 versu
847 3657 912 3723 590
921 3657 1064 3740 661591,
1077 3678 1149 3723 eum
1160 3661 1337 3743 utrumque
1345 3651 1445 3720 unius

135 3761 259 3845 poetae
274 3779 338 3824 non
355 3779 429 3825 esse
444 3759 479 3824 in
495 3764 612 3846 aperto
628 3759 683 3828 sit.
721 3760 781 3827 sed
796 3766 873 3827 uter
889 3782 1047 3828 versuum
1059 3760 1125 3828 590
1136 3782 1208 3848 sqq.
1221 3763 1351 3847 poetae,
1369 3761 1447 3824 6166

135 3861 375 3950 interpolatori
384 3863 584 3931 tribuendus
597 3864 671 3933 6611
694 3863 735 3932 (16
747 3864 810 3933 hae
821 3864 1019 3953 quaestione
1035 3864 1194 3932 iudicium
1204 3863 1295 3931 ferre
1307 3860 1447 3929 difficile

139 3966 277 4034 videtur
293 3988 384 4034 esse:
407 3967 468 4034 alii
481 3992 514 4035 v.
526 3969 592 4036 590
606 3970 889 4058 proscripserunt,
908 3976 949 4037 ut
963 3969 1187 4053 Hermannus,
1204 3966 1446 4053 Goettlingius,

138 4069 308 4138 Rzacbius
324 4070 388 4158 (ed.
400 4072 532 4156 altera),
557 4072 617 4140 alii
630 4097 663 4143 v.
674 4075 738 4142 591
753 4081 793 4142 61
805 4074 986 4160 Bergkius,
1004 4073 1263 4156 Schoemannus‚
1278 4070 1448 4139 Rzachius

137 4177 291 4265 (ed.pr.).
316 4198 424 4266 66666
436 4178 521 4245 anim
535 4185 708 4248 auctorum
718 4181 877 4248 memoria
889 4179 996 4247 ullum
1008 4181 1190 4268 praebetur
1201 4181 1447 4263 argumentum:

139 4280 335 4349 Semonides
352 4281 438 4366 (16.7
450 4306 481 4350 v.
491 4283 533 4350 94
542 4284 608 4372 66.)
623 4285 681 4372 661
693 4284 878 4353 Hesiodum
893 4290 986 4351 certe
1001 4284 1155 4351 imitatus
1169 4281 1347 4349 6115116
1357 4283 1448 4362 φῦλα

139 4408 184 4454 66.
196 4397 365 4471 γυναικῶν
380 4387 492 4472 affert,
514 4410 651 4456 versum
662 4389 725 4456 591
742 4389 832 4457 16661
848 4412 914 4457 666
931 4388 1077 4472 videtur,
1093 4408 1200 4476 nequa
1211 4385 1357 4454 Stobaeo
1373 4403 1449 4448 auc·

138 4496 213 4558 tore
243 4513 275 4557 v.
298 4491 364 4557 590
393 4493 651 4578 proscribemus.
707 4493 801 4561 nulla
824 4494 911 4561 enim
936 4499 990 4560 661
1012 4491 1180 4560 dubitatio
1204 4488 1283 4578 quin
1306 4484 1446 4555 Stobaei

143 4595 352 4683 temporibus
375 4595 441 4664 iam
465 4603 607 4685 uterque
630 4620 749 4665 versus
782 4599 817 4665 in
841 4597 1056 4684 Theogoniae
1079 4592 1325 4682 exemplaribus
1348 4588 1450 4658 exsti-

138 4698 224 4766 terit
252 4720 359 4787 66666
392 4700 513 4767 mirum
542 4708 597 4769 est
628 4702 717 4790 quod
739 4701 907 4771 Stobaeus
941 4702 1087 4770 alterum
1117 4705 1250 4767 tantum
1281 4692 1445 4763 laudavit.

138 4802 256 4890 itaque
289 4802 357 4890 ipsi
389 4826 509 4872 versus
541 4805 660 4893 ecquid
692 4807 883 4892 argumenti
916 4805 1105 4894 praebeant
1126 4800 1353 4893 quaerendum
1384 4803 1447 4865 est.

140 4913 242 4996 atqua
267 4913 445 4995 praestare
468 4909 601 4996 quidem
622 4932 743 4979 versus
765 4912 831 4979 590
853 4909 956 4979 alteri
977 4909 1122 4977 videtur.
1169 4905 1335 4996 explicare
1358 4901 1446 4972 enim
