3659 5509
775 1503 970 1588 Auctor
999 1503 1060 1588 de
1089 1504 1202 1589 vita
1231 1530 1335 1587 sua.

488 1688 600 1756 Natus
629 1711 703 1756 sum
726 1687 902 1757 Gustavus
925 1689 1138 1758 Hermannus
1168 1689 1397 1758 Eduardus
1428 1689 1554 1760 Lisco
1586 1692 1621 1759 in
1654 1716 1719 1780 op·

400 1792 516 1881 pidulo
533 1794 861 1882 Brandcnburgensi,
885 1794 974 1883 quod
992 1802 1046 1862 est
1061 1794 1309 1877 Liebenwaldc,
1334 1818 1362 1863 a.
1379 1802 1488 1884 praet.
1505 1819 1531 1864 s.
1549 1796 1718 1863 LXXIX.

403 1897 488 1965 Non.
523 1898 596 1965 Iun.
634 1904 733 1986 patre
766 1899 976 1982 Hermanno,
1018 1904 1126 1967 matre
1163 1900 1295 1967 Helena
1334 1923 1352 1968 e
1392 1907 1495 1989 gente
1535 1902 1718 1971 Heilborn.

404 2002 482 2070 fidei
526 2003 682 2072 addictus
723 2027 796 2072 sum
833 2003 1120 2088 Christianorum,
1167 2005 1369 2073 confessioni
1406 2006 1632 2095 euangelicae.
1671 2046 1721 2058 -

405 2106 528 2174 scholis
558 2109 704 2196 privatis
733 2109 909 2179 clementis
939 2110 1087 2177 imbutus
1118 2110 1197 2177 inda
1227 2112 1269 2179 ab
1299 2133 1387 2178 anno
1408 2111 1471 2179 XC
1500 2112 1722 2202 gymnasium

403 2213 618 2300 frequentavi
641 2214 876 2301 Berolinense,
908 2216 998 2304 quod
1021 2215 1062 2283 dc
1084 2216 1230 2284 Henrioo
1259 2216 1412 2304 principe
1445 2240 1564 2285 nomen
1593 2218 1721 2286 trahit,

405 2338 512 2405 neque
534 2318 597 2385 hoc
619 2319 691 2386 loeo
713 2319 846 2406 gratias
869 2342 969 2409 quam
996 2321 1160 2389 maximas
1192 2343 1294 2406 agera
1322 2322 1476 2389 omittam
1497 2323 1583 2391 viris
1605 2323 1721 2391 doctis

405 2420 444 2487 P.
461 2420 660 2507 Gorssen,
684 2424 726 2491 D.
743 2424 886 2506 Costa,
912 2424 951 2491 0.
968 2425 1164 2508 Richter,
1189 2448 1328 2514 quorum
1351 2427 1566 2495 institutione
1588 2428 1722 2495 factum

407 2533 476 2610 est,
519 2533 558 2595 ut
590 2528 720 2596 littoris
756 2552 809 2597 mc
841 2529 966 2598 darem.
1033 2536 1193 2598 autumno
1226 2531 1306 2599 anni
1335 2531 1470 2601 XCVII
1503 2534 1721 2601 maturitatis

405 2632 599 2700 testimonio
621 2634 810 2702 instructus
833 2634 867 2700 in
887 2635 1012 2702 civium
1033 2635 1142 2703 almae
1163 2636 1283 2704 matris
1299 2636 1527 2705 Berolincnsis
1543 2660 1720 2705 numerum

406 2743 563 2826 receptus
597 2761 686 2825 sum;
725 2761 804 2807 vere
839 2739 919 2807 anni
951 2738 1105 2809 XCVIII
1138 2740 1399 2828 Heidelbergam
1432 2742 1594 2831 migravi,
1628 2744 1723 2812 unde

409 2847 568 2910 autumno
599 2843 746 2911 eiusdem
775 2844 853 2911 anni
876 2843 1070 2912 Berolinum
1100 2845 1195 2913 redii.
1241 2869 1302 2935 per
1330 2845 1412 2915 haec
1442 2848 1510 2915 tria
1539 2849 1725 2917 semestris

408 2946 508 3014 nimis
538 2948 653 3016 multis
683 2956 786 3038 atque
817 2949 963 3017 diversis
996 2950 1097 3018 rebus
1128 2950 1263 3018 deditus
1292 2952 1436 3018 nondum
1467 2958 1562 3021 recta
1591 2953 1649 3022 via
1680 2976 1723 3022 cc

409 3052 603 3138 tendebam,
640 3075 704 3141 quo
737 3076 824 3121 nunc
857 3077 909 3122 me
943 3063 1185 3143 perventurum
1218 3079 1293 3124 esse
1327 3079 1446 3145 spero:
1481 3065 1521 3126 ut
1554 3059 1608 3126 vir
1638 3082 1722 3128 vere

409 3156 600 3244 philologus
629 3158 752 3226 fierem.
798 3159 923 3227 scholis
952 3184 1004 3228 mc
1034 3160 1231 3229 interfuisse
1262 3184 1335 3229 cum
1365 3161 1508 3230 aliorum
1534 3187 1566 3231 v.
1591 3157 1621 3231 d.
1646 3171 1725 3232 tum

410 3259 564 3327 Lenzii
597 3269 699 3350 atque
733 3262 1063 3333 Wilamovvitzii
1101 3289 1232 3354 semper
1268 3289 1320 3335 me
1353 3267 1544 3336 meminisse
1577 3269 1724 3351 iuvabit,

410 3364 532 3454 quibus
555 3365 719 3454 imprimis
742 3369 874 3454 gratias
897 3391 971 3454 ago.
1015 3369 1201 3457 Gottingae
1224 3379 1346 3456 autem,
1370 3395 1435 3461 quo
1459 3395 1539 3440 vere
1561 3373 1726 3441 axclx

385 3486 463 3538 me
486 3472 623 3554 contuli,
655 3473 835 3541 Kaibeli
856 3475 886 3560 l,
918 3474 1091 3559 Leonis,
1124 3476 1305 3544 Roethii
1331 3478 1455 3545 scholis
1479 3479 1635 3546 effectum
1656 3487 1726 3564 est,

411 3582 452 3642 ut
480 3575 685 3664 philologiae
716 3585 825 3646 totum
856 3602 906 3647 me
938 3579 1061 3647 darem.
1106 3586 1284 3668 praeterea
1314 3582 1438 3650 scholis
1465 3605 1515 3650 me
1538 3584 1728 3653 docuerunt

412 3680 481 3748 viri
497 3682 682 3750 doctissimi
700 3683 752 3750 hi:
776 3682 949 3765 Busolt,
970 3682 1188 3771 M.Heyne,
1212 3684 1439 3768 Meissner,
1462 3686 1726 3774 Rehnisch†,

413 3786 468 3855 W.
481 3787 684 3870 Sohulze,
705 3786 747 3855 G.
764 3786 966 3855 Wentzel.
998 3789 1041 3856 ad
1058 3789 1317 3857 exercitationes
1330 3790 1552 3879 philologicos
1563 3792 1675 3859 Kaib
1686 3794 1729 3861 el

415 3899 452 3959 et
473 3891 578 3973 Leo,
605 3891 648 3957 ad
671 3891 852 3960 historiens
875 3891 1060 3975 Busolt,
1091 3894 1134 3962 ad
1156 3893 1456 3983 palaeographicae
1478 3894 1535 3964 W.
1558 3896 1727 3985 Meyer,

413 3997 458 4065 ad
476 3995 747 4081 archaeoiogicas
767 3996 803 4064 (l.
820 3996 1015 4086 Dilthey,
1040 3999 1083 4066 ad
1101 4000 1311 4085 germanicas
1326 4000 1473 4089 Heyne
1489 4006 1525 4069 et
1539 4001 1727 4089 Roethe,

414 4102 457 4170 ad
488 4101 726 4188 grammaticas
757 4100 952 4170 Schulze
983 4109 1019 4170 et
1050 4102 1385 4192 Wackernagel
1419 4106 1548 4173 aditum
1582 4108 1729 4195 benigne

414 4207 495 4274 mihi
528 4212 774 4276 concesserunt¹
820 4207 992 4276 seminarii
1023 4209 1110 4297 regii
1142 4209 1325 4297 germanici
1355 4233 1418 4299 per
1450 4211 1514 4280 duo
1547 4214 1727 4283 semestris

416 4312 543 4381 sodalis
571 4312 623 4379 fui
652 4311 860 4393 ordinarius,
892 4335 954 4400 per
976 4314 1122 4403 quinque
1145 4314 1318 4383 seminarii
1339 4315 1553 4404 philologici,
1585 4340 1728 4406 quorum

443 4440 479 4485 er
500 4417 571 4485 tria
594 4417 717 4485 senior.

418 4440 440 4506 p
501 4503 664 4573 Omnibus
694 4526 778 4593 quos
810 4505 1004 4573 enumeravi
1038 4505 1124 4575 viris
1157 4505 1362 4575 doctissimis
1395 4513 1556 4596 quantum
1588 4509 1729 4579 debeam

416 4612 515 4693 grato
549 4610 659 4676 animo
693 4609 866 4697 profiteor.
922 4608 963 4677 G.
987 4609 1194 4681 Wentzel
1227 4635 1327 4704 quam
1360 4613 1465 4682 amice
1499 4619 1534 4683 et
1566 4614 1748 4685 benevole'

416 4735 519 4801 opera
551 4719 587 4782 et
620 4714 759 4781 oonsilio
792 4738 844 4783 me
878 4714 1052 4784 adiuverit
1083 4740 1252 4807 nunquam
1285 4718 1479 4787 obliviscar.
1534 4717 1728 4789 Kaibeli

417 4822 541 4898 autem,
573 4817 667 4885 cuius
689 4820 882 4888 memoriam
905 4841 1038 4908 semper
1059 4821 1094 4888 in
1117 4844 1168 4891 me
1191 4823 1304 4891 vivam
1325 4822 1400 4892 fore
1422 4823 1579 4912 spondeo,
1609 4821 1730 4894 Manes

417 4922 586 5011 accipiant
615 4921 718 4992 velim
746 4924 879 5011 gratias
901 4947 987 5013 quas
1010 4926 1089 4995 vivo
1117 4926 1246 4996 referre
1276 4949 1337 5016 per
1362 4928 1507 5016 lugubre
1528 4928 1637 4997 fatum
1661 4951 1731 4997 non
