3659 5509
760 469 802 539 67

125 642 329 731 geographie
358 643 426 710 und
457 642 659 711 weltkunle’
690 643 817 730 primus
849 644 883 708 ni
914 643 1017 711 fallor
1047 642 1264 729 sagacissime
1295 641 1438 711 baares

124 748 292 816 tractavit
315 749 419 815 verba
441 747 671 835 κατέρχεσθαι,
700 752 924 833 καταβαίνειν,
954 749 1136 815 καταδῦναι
1159 753 1221 815 etc.
1245 747 1368 836 ubique
1393 748 1437 815 ad

127 853 310 920 Tartarum
334 855 590 920 subterraneum
612 859 743 920 tantum
765 853 936 940 pertinere
957 852 1029 919 iure
1044 853 1184 938 negavit
1200 852 1254 938 (cf.
1267 876 1298 939 p.
1314 853 1437 938 13618).

126 959 227 1026 etiam
252 957 425 1047 Odysseae
449 958 606 1025 carminis
625 964 644 1024 λ
664 967 776 1046 poeta,
800 957 858 1046 qui
881 958 922 1024 de
946 957 1139 1044 regionibus
1160 957 1253 1024 ultra
1269 958 1437 1025 Oceanum

126 1062 246 1151 positis
270 1064 359 1149 agit,
389 1064 504 1130 verbis
527 1065 594 1130 ὑπὸ
617 1066 722 1150 ζόφον
743 1063 901 1147 ἠερόεντα
924 1062 1035 1129 utitur
1058 1062 1146 1129 idem
1169 1071 1286 1150 aperte
1310 1062 1439 1149 signifi·

125 1190 205 1234 cans
236 1174 338 1256 atque
362 1168 576 1254 Theogoniae
606 1167 830 1255 interpolator
857 1169 1078 1254 (λ57,155).
1123 1191 1156 1236 v.
1180 1168 1245 1234 475
1269 1173 1359 1251 ικῶς,
1389 1167 1439 1233 in·

17 1297 20 1336 ι
124 1272 214 1360 quit,
249 1276 345 1358 ἔτλης
363 1273 512 1340 Ἄιδόσδε
534 1271 757 1357 κατελθέμεν,
793 1295 865 1339 cum
889 1296 919 1340 v.
944 1273 1046 1351 56314
1076 1272 1213 1339 eandem
1244 1281 1335 1340 certe
1366 1296 1436 1341 rem

17 1409 18 1464 ᾗ
125 1377 319 1462 significans
343 1378 435 1444 dicat
464 1383 516 1463 ’βη
539 1377 575 1443 δὲ
598 1378 664 1463 μετ’
689 1379 791 1455 ἄλλας
817 1379 823 1463 Ι
848 1379 956 1463 ψυχὰς
978 1381 1026 1455 είς
1048 1381 1164 1463 ἔρεβος
1186 1379 1316 1444 νεκύων
1339 1402 1434 1443 κατα·

125 1483 346 1566 τεθνηώτων]
393 1505 448 1549 res
478 1489 597 1570 aperta
626 1482 666 1548 fit
695 1482 850 1549 versibus
873 1483 953 1563 3627
982 1483 1201 1570 comparatis:
1227 1484 1308 1549 ..αί
1332 1481 1438 1566 &cyi-

17 1589 18 1608 ¹
126 1610 227 1671 ροντο
254 1590 260 1672 Ι
285 1587 388 1674 ψυχαί
416 1586 497 1668 ὑπὲξ
525 1587 659 1672 ἐρόβευς
686 1589 816 1654 νεκύων
845 1590 1137 1672 κατατεθνηώτων.
1188 1587 1300 1654 sicin
1330 1586 1437 1653 Theo·

127 1692 229 1777 gonia
252 1714 382 1780 quoque
404 1691 488 1759 Dies
510 1697 612 1780 atque
634 1692 710 1760 Nor
732 1690 813 1773 ὑπὲξ
837 1695 943 1776 ζόφου
971 1699 1006 1759 et
1034 1693 1116 1758 κατὰ
1139 1695 1243 1779 ζόφον
1271 1692 1321 1757 ire
1351 1692 1435 1758 bene

128 1796 296 1863 dicuntur.
331 1836 374 1846 -
411 1819 519 1884 neque
557 1797 625 1864 alia
661 1797 831 1864 sententia
862 1821 919 1863 vv.
949 1797 1122 1865 758-766
1157 1796 1198 1865 de
1232 1802 1439 1863 mortuorum

127 1901 323 1988 regionibus
345 1902 533 1990 profertur,
568 1901 635 1968 nisi
658 1903 797 1968 verbum
819 1906 1029 1987 καταβαίνων
1052 1903 1096 1984 (v.
1122 1902 1200 1984 761)
1224 1902 1312 1969 falso
1335 1901 1439 1967 iuter·

128 2006 290 2093 pretatis.
321 2007 407 2074 bene
423 2008 510 2074 enim
526 2005 585 2074 Sol
601 2006 644 2073 ad
660 2029 836 2093 vesperum
852 2010 1067 2091 καταβαίνειν
1084 2007 1218 2090 dicitur,
1242 2028 1315 2073 cum
1332 2008 1441 2094 ipsum

128 2111 257 2176 caelum
281 2110 324 2177 ad
346 2117 472 2178 terram
496 2134 532 2179 se
550 2110 733 2178 deflectere
756 2111 923 2179 videatur.
969 2112 1087 2177 mirum
1112 2119 1222 2179 autem
1251 2112 1284 2177 in
1308 2111 1441 2177 modum

124 2216 284 2284 versibus
306 2216 478 2284 767-773
503 2216 581 2304 (774
607 2239 648 2283 ne
672 2217 822 2283 traditur
845 2217 978 2304 quidem
988 2218 1009 2303 l)
1040 2217 1125 2285 duae
1156 2217 1344 2284 sentcntiae
1374 2238 1441 2282 non

128 2321 226 2387 modo
249 2321 506 2407 coniunguntur,
531 2321 591 2388 sed
614 2322 718 2389 ctiam
741 2321 840 2409 plane
863 2321 955 2389 inter
977 2344 1013 2389 se
1036 2323 1301 2390 commiscentur.
1335 2328 1443 2407 agunt

128 2426 216 2493 enim
246 2425 287 2494 de
310 2426 466 2493 Plutonis
495 2433 531 2495 et
553 2425 777 2514 Proserpinae
808 2427 920 2508 domo,
952 2427 995 2494 ad
1028 2449 1127 2516 quam
1155 2438 1257 2515 poeta
1286 2427 1442 2512 regiones

128 2531 222 2598 ultra
259 2531 427 2599 Oceanum
469 2532 601 2619 positas
639 2532 737 2620 quasi
778 2533 1016 2620 perambulans
1061 2532 1122 2599 hoc
1161 2532 1234 2599 loco
1275 2531 1441 2620 pervenit.

128 2637 285 2723 regiones
318 2637 412 2704 ultra
445 2636 611 2704 Oceanum
645 2637 768 2704 iterum
803 2643 920 2724 aperte
954 2638 1069 2705 verbis
1103 2641 1189 2704 ἔνθα
1222 2643 1257 2704 et
1291 2639 1444 2721 πρόσθεν

129 2742 177 2826 (v.
200 2742 279 2827 767)
307 2742 551 2829 significantur,
584 2743 624 2810 de
654 2743 775 2831 quibus
808 2743 874 2810 iam
904 2743 984 2809 dixi.
1030 2742 1131 2809 Pluto
1161 2747 1273 2810 autem
1301 2744 1443 2828 χθόνιος

130 2849 275 2914 vocatur
298 2848 343 2934 (v.
367 2849 457 2931 767),
489 2870 554 2936 quo
578 2848 681 2915 verbo
704 2848 835 2915 adiecto
859 2848 942 2915 deus
972 2854 1088 2936 aperte
1118 2847 1271 2914 interra
1295 2844 1350 2913 vel
1380 2846 1442 2912 sub

127 2959 226 3019 terra
249 2953 403 3021 habitare
427 2952 567 3035 dicitur,
597 2953 685 3020 unde
708 2961 842 3040 poetam
869 2976 940 3020 rem
963 2954 1050 3020 satis
1073 2954 1213 3020 obscure
1237 2972 1339 3037 agere
1361 2950 1442 3017 licet

129 3056 307 3144 colligere,
342 3079 541 3147 quamquam
569 3058 605 3125 in
636 3059 829 3125 universum
860 3081 926 3125 vox
955 3061 1094 3145 χθόνιος
1122 3059 1174 3125 ita
1196 3057 1240 3125 ad
1263 3057 1441 3124 Plutonem

130 3168 267 3249 spectat
290 3162 427 3251 eiusque
450 3163 621 3251 proprium
645 3171 699 3230 cst
721 3164 916 3251 epithetum,
942 3170 981 3229 ut
996 3163 1144 3230 fortasse
1167 3186 1209 3230 ne
1233 3162 1293 3229 hoc
1309 3161 1443 3250 quidem

129 3267 204 3334 loco
227 3267 345 3333 mirum
370 3268 424 3336 sit.
444 3307 487 3317 -
510 3268 666 3336 Plutonis
690 3275 725 3336 et
746 3267 970 3355 Proserpinae
995 3268 1125 3335 domum
1141 3267 1309 3335 Cerberus
1332 3273 1443 3334 custo·

130 3371 205 3438 dire
229 3372 363 3439 dicitur.
409 3395 481 3439 cum
505 3372 673 3441 Cerberus
695 3375 766 3440 iere
789 3373 877 3439 idem
900 3373 1059 3440 videatur
1082 3396 1156 3440 esse
1179 3378 1280 3460 atque
1304 3371 1443 3455 Orthus,

131 3476 304 3565 Geryonis
324 3479 417 3545 canis
434 3518 473 3526 -
491 3501 557 3567 qua
575 3480 616 3546 de
635 3502 672 3546 rc
694 3480 784 3546 iufra
803 3479 925 3566 loquar
941 3518 992 3561 —,
1009 3485 1044 3546 et
1060 3478 1164 3564 regio,
1188 3501 1254 3566 qua
1270 3477 1445 3566 Geryones

130 3587 168 3648 et
183 3580 310 3649 Orthus
332 3588 522 3666 versantur,
547 3591 664 3670 aperte
688 3584 781 3650 ultra
796 3583 963 3650 Oceanum
987 3583 1032 3651 sit
1054 3584 1168 3671 posita
1190 3606 1251 3650 uec
1274 3582 1446 3650 subterra·

132 3707 197 3753 nea
228 3688 373 3773 cogitari
406 3689 532 3776 possit,
569 3695 706 3776 praeter
740 3710 854 3756 vocem
887 3691 1028 3775 χθόνιος
1059 3689 1162 3756 etiam
1193 3711 1249 3755 vv.
1273 3685 1446 3753 767-773

132 3791 291 3873 Erebum,
315 3815 379 3860 uon
397 3793 579 3862 Tartarum
596 3793 789 3880 significare
805 3784 975 3860 videntur.
1013 3800 1125 3861 tamen
1147 3792 1259 3860 nescio
1278 3815 1320 3858 au
1341 3812 1446 3857 remo·

14 3893 15 3906 ¹
135 3897 239 3964 vendi
251 3896 331 3964 siut.
354 3922 431 3966 nam
443 3900 557 3968 verbis
570 3902 666 3985 δόμοι
675 3900 786 3966 Ἀίδεω
795 3898 849 3965 καί
858 3904 1109 3986 Περσεφονείης
1122 3920 1252 3985 semper
1262 3896 1444 3964 Tartarum

136 4003 402 4086 subterraneum,
427 4027 492 4092 quc
509 4011 717 4071 mortuorum
736 4004 866 4072 animae
886 4004 1062 4086 decedunt,
1088 4005 1138 4071 ita
1161 4002 1345 4088 significari
1369 4023 1443 4068 con·

136 4114 217 4191 stat,
241 4113 281 4174 ut
302 4114 376 4176 tota
399 4109 481 4177 haec
503 4110 616 4176 mundi
638 4133 719 4197 pars
743 4110 795 4175 his
818 4109 933 4177 verbis
956 4109 1265 4197 comprehendatur.
1301 4107 1362 4173 hoc
1384 4129 1444 4173 au·

134 4220 204 4280 tem
235 4213 307 4280 loco
330 4214 486 4300 singulae
508 4215 612 4282 Erebi
641 4220 758 4303 partes
789 4215 1057 4302 perlustrantur,
1090 4214 1181 4281 iuter
1210 4235 1294 4301 quas
1325 4233 1366 4278 ex
1395 4211 1443 4276 in·

135 4319 274 4406 opinato
295 4324 370 4386 totu
394 4320 487 4406 regio
511 4327 802 4405 commemoratur,
826 4342 887 4386 nec
910 4325 1025 4407 potest
1044 4319 1089 4403 id,
1114 4340 1178 4407 quo
1194 4323 1303 4383 totum
1319 4315 1446 4401 signifi·

135 4425 206 4492 cari
229 4424 381 4506 videtur,
413 4447 495 4512 pars
518 4426 625 4492 totius
648 4425 725 4494 dici.
759 4465 801 4475 —
834 4448 956 4491 versus
983 4430 1163 4513 sequentes
1188 4428 1308 4510 aperte
1331 4421 1372 4487 de
1395 4443 1446 4487 re·

136 4528 293 4615 gionibus
322 4528 414 4597 ultra
437 4530 620 4613 Oceanum,
655 4531 677 4595 i.
701 4552 730 4597 e.
755 4529 796 4596 de
818 4529 950 4614 Erebo,
983 4552 1048 4596 non
1079 4530 1120 4596 de
1143 4528 1290 4595 Tartaro
1314 4526 1371 4613 qui
1395 4531 1449 4592 est

138 4635 379 4702 subterraneus
402 4642 518 4721 agunt.
554 4657 661 4723 neque
682 4635 789 4701 solum
809 4634 913 4701 verbo
929 4638 1015 4701 ἔνθα
1036 4635 1117 4701 haec
1135 4632 1305 4701 sententia
1323 4630 1448 4697 indica·

137 4743 211 4821 tur,
250 4739 309 4807 sed
343 4740 446 4807 etiam
480 4742 593 4808 verbis
628 4740 713 4827 ἀμφὶ
750 4739 786 4806 δὲ
820 4740 929 4824 πάντη
959 4741 964 4826 Ι
995 4745 1105 4807 κίοσιν
1140 4736 1332 4824 ἀργυρέοισι
1365 4738 1449 4822 πρὸς

138 4844 286 4925 οὐρανὸν
309 4844 505 4933 ἐστήρικται,
527 4868 612 4937 quae
636 4846 739 4914 verba
760 4844 892 4911 omniuo
915 4844 1071 4932 intellegi
1090 4867 1155 4912 non
1175 4848 1328 4933 possunt,
1352 4841 1383 4909 si
1405 4837 1449 4908 ed

141 4948 323 5021 Tartarum
346 4953 551 5023 referuntur.

1198 5055 1237 5122 5*
