3659 5509
774 452 817 519 55

115 622 366 710 dignationem
398 624 597 708 ostendunt,
632 646 753 690 novum
786 624 940 691 ‘carmen'
971 623 1140 712 incipitur,
1171 647 1236 713 qno
1266 626 1375 693 frater
1405 627 1447 693 ab

114 728 309 798 iniustitia
338 730 382 798 ad
411 730 578 797 iustitiam
607 736 796 797 revocatur.
831 767 874 777 -
910 735 947 796 at
977 730 1075 815 plane
1109 731 1210 797 aliter
1233 731 1294 796 hoo
1316 752 1447 819 quoque

115 831 208 900 loco
238 858 295 902 res
325 840 519 922 comparate
549 856 623 900 esse
653 833 798 901 videtur.
846 855 965 900 versus
988 834 1098 917 26719,
1135 857 1207 900 oum
1239 835 1282 902 ad
1314 857 1448 902 carmen

117 938 397 1008 concludendum
427 939 537 1005 minus
567 940 638 1026 apti
661 938 745 1017 sint,
781 938 940 1024 optimam
964 938 1163 1005 sententiam
1188 938 1381 1027 proferunt,
1417 940 1448 1006 si

118 1047 209 1111 arte
233 1067 306 1111 oum
329 1044 483 1111 versibus
505 1042 657 1110 270-73
681 1043 937 1128 coniunguntur.
984 1066 1060 1109 nam
1083 1044 1238 1111 versibus
1261 1045 1446 1111 coniunctis

118 1144 216 1214 haec
231 1148 348 1215 evadit
366 1148 551 1216 sententia:
578 1147 698 1214 ‘omnia
717 1146 959 1214 animadvertit
978 1147 1142 1235 Iuppiter.
1180 1150 1229 1215 sio
1246 1150 1347 1215 etiam
1364 1149 1446 1215 haec

119 1259 254 1319 nostra
276 1275 377 1320 causa
407 1275 480 1320 eum
508 1275 573 1318 non
596 1252 687 1338 fugit
715 1274 774 1318 nec
798 1251 960 1339 quomodo
985 1251 1170 1319 diiudicata
1193 1253 1240 1319 sit
1263 1253 1446 1339 ignorabit.

121 1355 265 1424 utinam
294 1380 355 1424 neo
377 1379 438 1444 ego
462 1378 522 1423 nec
545 1356 635 1422 filius
660 1378 751 1423 meus
775 1356 837 1423 hac
861 1360 975 1423 aetate
1002 1357 1207 1439 viveremus,
1243 1358 1273 1424 si
1297 1379 1375 1425 vere
1398 1357 1447 1423 in·

121 1459 247 1529 iustus
269 1462 394 1529 iustum
411 1462 570 1529 vinceret.
609 1466 721 1527 tamen
745 1460 858 1527 Iovem
882 1483 923 1527 ne
947 1460 1008 1528 hoo
1031 1462 1093 1528 fiat
1116 1462 1352 1549 impediturum
1372 1484 1446 1529 esse

122 1566 257 1651 spero’.
298 1567 346 1635 sic
368 1567 492 1653 optime
516 1566 607 1632 inter
630 1588 666 1632 ss
690 1573 724 1631 et
747 1571 821 1632 arte
845 1565 1094 1650 coniunguntur
1118 1564 1151 1631 hi
1172 1588 1300 1648 versus,
1325 1568 1446 1655 quibus

124 1670 280 1738 secretis
307 1677 409 1758 atque
437 1672 527 1738 inter
550 1671 646 1739 varia
671 1670 838 1737 ‘carmina’
864 1670 1060 1736 distributis
1087 1693 1193 1758 neque
1217 1673 1446 1738 antecedentis

123 1797 246 1862 neque
276 1775 447 1864 sequentis
478 1774 656 1841 ‘carminis'
686 1775 775 1841 ratio
807 1780 949 1840 constat.
996 1774 1053 1862 qui
1080 1796 1199 1842 versus
1226 1777 1367 1843 maxime
1391 1777 1447 1842 do·

124 1885 213 1945 cent
236 1879 327 1946 nullo
350 1880 444 1945 modo
467 1879 541 1945 fieri
565 1901 674 1966 posse,
698 1885 738 1944 ut
761 1901 832 1945 oum
856 1878 1068 1946 Kirohhoffio
1085 1877 1197 1967 Opera
1220 1880 1253 1946 in
1277 1881 1447 1966 complura

126 1983 305 2051 ‘carmina’
330 1976 569 2072 discerpamus.
614 1983 716 2050 etiam
740 1983 769 2049 si
793 1982 868 2070 quis
892 1983 933 2049 de
958 1981 1010 2048 his
1035 1984 1189 2049 versibus
1213 1984 1389 2070 (aee-73)
1411 1984 1446 2051 in

126 2110 238 2155 unum
262 2089 413 2155 ‘carmen’
438 2086 755 2174 comprehendendis
786 2086 932 2172 cogitet,
961 2092 1063 2154 errat.
1109 2087 1153 2154 ad
1183 2109 1357 2175 quemnam
1386 2087 1447 2155 hoo

128 2193 291 2260 ‘carmen’
322 2198 476 2280 spectare
508 2191 622 2259 dices?
667 2190 710 2258 ed
743 2191 896 2259 iudices?
941 2191 985 2258 ad
1007 2191 1157 2259 Persen?
1201 2193 1300 2258 immo
1327 2216 1446 2259 versus

127 2297 298 2380 267-73,
329 2296 481 2385 quamvis
505 2298 624 2364 bonam
648 2296 851 2364 sententiam
875 2296 1088 2374 contineant,
1122 2297 1373 2384 interrumpunt
1395 2305 1446 2364 to-

127 2404 205 2469 tins
240 2403 397 2470 carminis
430 2403 655 2490 progressum.
713 2401 826 2468 verbis
860 2399 1031 2467 ‘exortas‘
1048 2400 1084 2466 δὲ
1117 2403 1221 2467 δικῶν
1252 2400 1305 2468 ἐπὶ
1337 2404 1446 2488 πάγχυ

128 2507 295 2573 λάθεσθε’
312 2512 438 2595 quanta
459 2506 583 2573 iniuria
605 2506 732 2573 iudices
756 2528 792 2572 se
815 2505 972 2572 effecturi
998 2505 1076 2586 sint,
1102 2505 1252 2572 meminit
1267 2506 1445 2590 HesioduS,

128 2616 299 2699 tantaque
330 2611 561 2697 indignatione
594 2616 739 2692 tenetur,
777 2618 815 2675 ut
847 2632 919 2677 earn
952 2631 1105 2676 coercere
1135 2632 1198 2675 non
1229 2609 1295 2677 iam
1325 2612 1444 2697 possit.

128 2716 315 2804 profitetur
332 2717 447 2802 igitur,
472 2738 570 2804 quam
594 2737 695 2801 aegre
719 2716 810 2781 ferat
832 2714 1036 2781 iniustitiam
1060 2736 1172 2780 eorum
1196 2737 1278 2801 quos
1301 2715 1354 2781 ius
1377 2738 1445 2782 ser·

129 2842 216 2888 vare
233 2825 399 2908 oporteat,
415 2842 498 2906 quos
513 2819 627 2887 Iovem
644 2819 792 2885 ulturum
811 2842 885 2886 esse
904 2827 1030 2906 sperat.
1066 2819 1118 2885 his
1133 2820 1274 2886 maxime
1291 2822 1445 2887 versibus

131 2926 176 2993 de
197 2930 320 3013 poetae
342 2924 453 2990 indole
475 2931 576 3011 atque
600 2929 674 2990 arte
699 2924 882 2991 edocemur.

222 3028 318 3111 Quae
341 3034 454 3096 autem
485 3034 684 3114 argumenta
707 3027 939 3094 Kirohhoffius
964 3028 1100 3110 attulit,
1134 3034 1172 3093 ut
1196 3052 1249 3094 vv.
1272 3028 1446 3096 270-285

130 3134 177 3200 ad
200 3133 302 3200 eliam
325 3132 470 3199 fratrum
502 3134 596 3199 litem
629 3140 783 3219 spectare
816 3133 1048 3218 comprobaret
1079 3136 1181 3220 atque
1211 3133 1446 3199 antecedentia

132 3238 315 3319 ‘earmina’,
339 3237 432 3304 nulla
449 3243 537 3302 sunt.
576 3259 648 3304 cum
666 3238 753 3302 enim
771 3236 825 3302 hio
842 3240 911 3319 (vv.
923 3237 988 3302 280
1001 3239 1087 3324 sqq.)
1102 3237 1272 3303 Hesiodus
1289 3243 1444 3324 exponat,

131 3364 219 3431 qnae
242 3364 349 3429 poena
372 3342 418 3423 ei,
444 3342 500 3429 qui
522 3342 744 3428 peioraverit,
774 3342 897 3407 anve
920 3340 1106 3416 immineat,
1138 3340 1367 3408 Kirchhoffius
1392 3342 1445 3408 hic

130 3447 261 3514 Persen
285 3468 351 3513 non
373 3453 618 3528 accusatorem,
654 3446 712 3513 sed
736 3451 859 3512 testem
883 3446 1046 3511 exsistere
1070 3446 1260 3527 contendit,
1295 3468 1368 3511 oum
1392 3469 1444 3512 ac·

132 3550 283 3624 cusatori
314 3550 446 3616 iurandi
477 3550 623 3616 facultas
654 3573 719 3616 non
748 3550 847 3616 detur
877 3553 944 3634 (pg.
969 3550 1033 3632 58).
1080 3555 1117 3614 at
1140 3557 1254 3614 notum
1278 3558 1331 3616 est
1354 3551 1444 3637 apud

133 3654 271 3722 Atticos
309 3654 441 3743 quidem
450 3654 472 3736 ¹)
511 3677 576 3719 non
619 3654 726 3720 solum
767 3659 873 3720 testes
917 3675 977 3738 per
1018 3652 1249 3718 iusiurandum
1294 3654 1443 3740 astringi

134 3761 256 3828 solitos
279 3781 363 3841 esse,
389 3758 448 3824 sed
471 3759 564 3844 ipsos
587 3759 689 3825 etiam
711 3766 939 3824 accusatorem
963 3763 997 3821 et
1021 3764 1223 3834 accusatum,
1247 3756 1445 3843 priusquam

135 3871 335 3951 argumente
357 3863 559 3949 proferrent,
584 3884 620 3928 se
637 3884 720 3929 vera
737 3863 887 3929 dicturos
906 3863 1036 3928 iuratos
1053 3860 1242 3928 affirmasse
1258 3861 1312 3947 (of.
1327 3861 1445 3929 Meier-

135 3968 356 4048 Schoemann‚
392 3973 455 4034 att.
479 3989 569 4052 proc.
593 3990 625 4054 p.
648 3967 712 4031 825
733 3971 805 4054 sq).
859 3968 972 4033 eadem
1003 3966 1111 4051 igitur
1141 3967 1181 4032 de
1213 3967 1322 4053 patris
1352 3967 1445 4034 here·

136 4073 246 4141 ditate
277 4071 320 4138 lis
350 4078 419 4152 est,
456 4093 540 4158 quae
570 4071 648 4137 inde
678 4072 838 4159 aprimis
862 4072 1019 4137 carminis
1043 4071 1197 4137 versibus
1221 4071 1443 4156 significatur.

134 4177 264 4246 aceedit
287 4177 388 4242 etiam
412 4176 487 4242 hoo:
512 4176 589 4242 inde
613 4200 633 4242 a
656 4200 686 4241 v.
703 4176 767 4242 276
790 4185 891 4263 poeta
913 4176 947 4241 in
970 4176 1165 4241 universum
1189 4176 1335 4262 exponit,
1359 4195 1444 4262 quas

134 4283 228 4368 leges
251 4280 405 4367 Iuppiter
427 4279 616 4346 hominibus
640 4279 781 4346 dederit.
836 4302 963 4345 summa
994 4285 1106 4345 autem
1140 4278 1193 4344 lex
1226 4286 1280 4345 est
1309 4279 1445 4347 iustitia

134 4409 199 4475 quo
223 4386 371 4451 homines
396 4385 560 4450 differunt
589 4407 609 4450 a
638 4385 758 4450 bestiis
783 4384 932 4450 cuiusvis
963 4384 1107 4468 generis.
1153 4404 1260 4468 neque
1283 4382 1391 4468 igitur
1413 4383 1444 4451 si

134 4491 208 4579 quis
231 4492 271 4554 τὰ
291 4491 403 4554 δίκαια
424 4491 620 4572 γιγνώσκων
644 4488 754 4555 dicere
778 4489 863 4554 velit
878 4488 969 4554 Iovis
994 4489 1091 4554 favor
1114 4490 1144 4553 ei
1168 4487 1286 4554 deerit.
1326 4495 1444 4556 contra

132 4592 262 4672 iniusti,
286 4593 342 4680 qui
361 4614 477 4659 verum
496 4614 695 4679 quamquam
716 4594 875 4676 cognovit
897 4615 962 4657 non
979 4591 1071 4670 dicit,
1097 4591 1157 4657 sed
1179 4591 1339 4657 mentitur
1354 4590 1443 4679 apud

226 4752 252 4817 l)
271 4751 312 4804 De
330 4751 389 4805 iure
409 4749 542 4819 Gortynio
562 4749 596 4803 of.
616 4750 785 4818 Zitelmann,
814 4750 863 4804 das
888 4751 966 4804 recht
992 4765 1044 4802 von
1063 4749 1167 4820 Gortyn
1194 4748 1295 4818 (suppl.
1315 4764 1381 4803 mus.
1401 4750 1442 4804 rh.

134 4840 195 4906 XL,
215 4841 296 4907 1885)
316 4843 349 4892 72
361 4854 419 4906 sqq.
445 4869 470 4878 -
494 4845 615 4892 ceterum
634 4839 773 4905 Ziebarth,
792 4838 826 4893 de
845 4841 904 4893 iure
923 4836 1039 4892 imando
1059 4838 1087 4891 in
1106 4839 1165 4892 iuro
1183 4854 1223 4905 gr.
1244 4842 1348 4905 quaest.
1367 4836 1442 4905 (diss.

132 4928 207 4984 Gott
230 4929 310 4997 1892)
329 4931 363 4981 42
383 4943 459 4996 sqq.;
478 4927 593 4994 Mitteiu,
613 4928 781 4982 reichsrecht
800 4926 856 4981 und
874 4926 1031 4982 volkereoht
1049 4927 1173 4994 (Lipsiae
1195 4928 1273 4996 1891)
1292 4928 1353 4980 520.
