3659 5509
773 424 795 498 8

130 604 353 674 Hesiodiscba
368 603 571 691 Theogonis,
592 603 774 692 ausgelegt
792 604 862 672 und
880 604 1055 674 beurteilt’
1074 604 1186 675 Berol.
1207 605 1305 694 1868)
1327 611 1438 678 osten·

131 711 212 778 dere
240 710 479 798 praetermisit.
546 715 656 777 totum
686 732 817 779 carmem
848 710 1101 780 accuratissime
1130 717 1363 799 perscrutatus
1387 718 1441 779 est

130 814 328 884 Miitnellius
351 814 417 903 (‘de
440 815 674 883 emendatione
698 814 913 903 Theogoniae
936 815 1127 885 Hesiodeae
1150 816 1231 883 libri
1253 818 1336 884 tres’
1360 815 1439 904 Lip-

132 920 205 989 siae
228 920 336 1008 1883),
353 920 404 989 ita
425 926 465 988 ut
489 919 739 988 fundamentum
756 919 969 1007 Theogoniae
994 919 1220 991 emendandae
1242 920 1367 989 iactum
1383 924 1439 1005 sit,

132 1048 199 1115 quo
231 1026 334 1094 etiam
365 1024 463 1092 hodie
495 1025 527 1092 ei
559 1025 617 1113 qui
652 1025 692 1093 de
715 1024 910 1112 Theogonia
941 1048 1042 1113 agere
1071 1026 1167 1110 velit,
1197 1026 1358 1094 utendum
1382 1026 1438 1110 sit,

132 1153 331 1220 quamquam
347 1129 518 1198 Rzachius
540 1129 575 1196 in
591 1129 737 1198 alteram
752 1152 846 1198 suam
861 1130 1004 1199 Hesiodi
1021 1131 1200 1200 editionem
1218 1131 1338 1215 omnia,
1354 1153 1440 1219 quae

132 1235 390 1305 admemoriam
414 1240 449 1302 et
471 1233 620 1303 codicum
644 1241 679 1302 et
701 1240 876 1304 auctorum
898 1236 1081 1322 pertinent,
1106 1236 1260 1304 contulit.
1286 1236 1440 1324 —quod

133 1347 248 1410 autem
278 1339 322 1408 ad
353 1339 516 1427 originem
546 1338 704 1408 carminis
738 1345 773 1407 et
802 1341 1074 1428 compositionem
1105 1341 1231 1409 attinet
1260 1363 1367 1430 neque
1396 1342 1439 1408 ab

133 1445 338 1514 Hermannis
370 1467 478 1534 neque
510 1443 791 1512 aSchoemannis
823 1467 893 1511 rem
915 1452 1087 1532 peractam
1111 1468 1186 1513 esse
1217 1444 1291 1513 luce
1314 1445 1440 1514 clarius

133 1557 197 1619 est.
242 1573 363 1618 novam
392 1549 584 1638 quaestioni
614 1548 722 1617 lucem
745 1548 865 1616 attulit
888 1549 1061 1617 Artburus
1084 1550 1211 1637 Meyer,
1236 1550 1294 1638 qui
1316 1550 1440 1618 disser-

132 1654 264 1722 tatione
295 1675 357 1721 sua
388 1654 439 1721 ‘de
470 1653 710 1741 compositione
734 1652 947 1740 Theogoniae
970 1653 1169 1722 Hesiodeae'
1193 1653 1318 1738 (Berol.
1342 1655 1440 1742 1887)

132 1758 169 1825 id
201 1759 334 1848 quidem
365 1764 463 1827 extra
496 1759 741 1827 dubitationem
774 1758 888 1846 posuit
910 1781 1011 1824 unum
1035 1763 1071 1825 et
1094 1759 1286 1826 continuum
1309 1782 1440 1827 carmen

134 1886 210 1933 esse
233 1863 469 1950 Theogoniam,
494 1865 616 1952 quain
638 1863 898 1952 interpretanda
921 1863 1044 1951 ubique
1072 1868 1199 1931 certum
1222 1869 1343 1952 poetae
1366 1887 1441 1932 con-

136 1968 250 2036 silium
272 1967 551 2056 deprehendatur.
598 1968 716 2035 statim
749 1974 829 2057 post
860 1968 1065 2056 prooemium
1098 1968 1172 2057 ipse
1203 1967 1373 2038 Hesiodus
1406 1975 1442 2038 et

139 2078 372 2161 argumentum
405 2073 562 2141 carminis
596 2079 632 2140 et
663 2072 919 2161 dispositionem
949 2073 1089 2161 profert.
1136 2074 1259 2164 ubique
1289 2074 1361 2143 fere
1386 2096 1442 2142 ras

135 2179 315 2247 secundum
345 2178 432 2248 hanc
463 2177 720 2266 dispositionem
747 2183 875 2259 narrat,
906 2178 965 2245 ubi
987 2177 1107 2262 minus,
1140 2178 1242 2247 etiam
1265 2179 1326 2247 hoc
1349 2185 1441 2247 certo

135 2283 277 2352 consilio
301 2283 426 2352 factum
450 2305 525 2351 esse
548 2281 700 2351 ostendit
722 2281 890 2371 Meycrus.
936 2282 1092 2350 nimirum
1116 2304 1249 2352 carmen
1271 2284 1361 2351 tanti
1376 2306 1442 2351 mo·

136 2389 242 2456 menti
263 2388 581 2476 interpolationibus
604 2394 738 2456 auctum
762 2392 825 2471 est,
849 2408 990 2476 quarum
1013 2395 1121 2456 artem
1145 2393 1181 2456 01
1196 2388 1372 2456 consilium
1391 2389 1443 2456 ita

134 2493 294 2583 Meyerus
306 2494 450 2581 aperuit,
464 2498 504 2560 ut
513 2515 628 2560 unum
641 2492 853 2580 Theogoniae
871 2498 1138 2561 ‘retractatorem
1153 2493 1209 2564 vel
1224 2493 1441 2562 redactorcm’

136 2599 244 2667 fuisse
256 2598 525 2687 comprobaverit
542 2598 612 2685 (1.1.
628 2620 683 2686 pg.
699 2598 766 2685 92).
791 2603 892 2687 atque
904 2603 1036 2665 tantum
1052 2598 1229 2687 praestitit
1244 2604 1280 2667 et
1293 2597 1443 2666 Hesiodo

137 2710 173 2772 et
195 2705 281 2773 viris
302 2702 485 2792 philologis
508 2704 563 2772 vir
585 2709 621 2771 et
643 2703 735 2772 acuti
758 2709 794 2772 et
816 2704 907 2772 cauti
931 2702 1068 2790 ingenii,
1092 2708 1132 2770 ut
1154 2702 1185 2769 si
1207 2703 1337 2792 aliquot
1359 2703 1442 2780 locis

137 2832 269 2879 errasse
291 2808 464 2878 videbitur
486 2832 528 2877 00
561 2809 671 2897 ipsum
694 2808 826 2898 quidem
850 2830 952 2896 aegre
984 2809 1133 2876 laturum
1163 2830 1238 2876 esse
1260 2830 1442 2897 speremus.

136 2920 229 2983 carte
238 2914 490 2982 fundamentum
499 2914 589 2998 iecit,
600 2936 664 3003 quo
673 2914 869 3003 quicumque
880 2913 922 2981 de
930 2912 1286 3000 Theogoniaagetniti
1297 2912 1444 2981 debebit.

223 3019 340 3087 Etiam
364 3020 423 3109 qui
445 3020 742 3088 commentationes
765 3018 806 3086 de
823 3018 991 3106 Operibus
1014 3023 1050 3087 et
1065 3018 1192 3086 Diebus
1208 3018 1444 3107 perlustrabit,

138 3125 212 3193 fata
235 3124 333 3192 buius
357 3124 515 3193 carminis
538 3124 726 3192 mirabitur.
781 3123 937 3191 nimirum
971 3123 1012 3191 de
1044 3124 1106 3193 boc
1138 3145 1269 3213 quoque
1299 3124 1445 3192 carmine

138 3229 252 3318 potius
281 3235 361 3297 ante
392 3229 709 3317 interpretationem
742 3229 953 3302 coniecturas
984 3228 1170 3316 protulisse
1203 3229 1296 3297 viros
1328 3229 1445 3297 doctos

141 3334 234 3402 dicas
259 3356 358 3423 quam
381 3333 490 3421 ipsum
513 3356 646 3402 carmen
662 3334 829 3422 explicare
852 3340 991 3402 conatos
1014 3356 1097 3402 esse.
1143 3332 1271 3421 primus
1288 3333 1325 3402 C.
1340 3333 1446 3401 Lebr·

139 3439 211 3508 sius
242 3439 348 3507 tertia
378 3439 622 3508 dissertatione
645 3438 888 3521 Quaestionum
910 3438 1079 3526 spicarum
1102 3438 1323 3526 (Regimontii
1347 3439 1446 3525 1837)

140 3565 273 3612 carmen
296 3542 478 3632 discerpsit
506 3545 632 3632 potius,
665 3566 763 3632 quam
795 3543 1043 3632 interpretatus
1074 3549 1137 3628 est,
1162 3543 1320 3611 similiter
1342 3547 1446 3633 atque

142 3647 369 3735 Theogoniam
386 3649 488 3716 etiam
505 3649 618 3736 Opera
638 3647 903 3733 fragmentorum
926 3647 1195 3736 compilationem
1217 3669 1292 3716 esse
1314 3655 1448 3718 conten·

141 3753 233 3835 dens,
256 3774 343 3840 quae
366 3755 549 3821 carminum
570 3752 796 3839 gnomioorum
819 3752 956 3839 singula
978 3757 1159 3840 praecepta
1184 3773 1269 3839 quaa
1285 3752 1329 3820 ad
1351 3754 1445 3822 vitae

142 3857 308 3926 hnmanae
338 3858 505 3926 rationem
537 3862 693 3946 spectent
717 3856 752 3923 in
773 3878 875 3922 unum
898 3878 1031 3944 corpus,
1054 3878 1120 3923 non
1142 3879 1276 3925 carmen
1298 3879 1445 3945 compre·

141 3962 325 4031 hendisset
356 3963 399 4029 ab
415 3963 488 4030 eius
503 3961 673 4030 sententia
686 3983 752 4028 non
769 3960 947 4029 admodum
963 3961 1134 4050 discrepat
1149 3960 1330 4044 Twasteni,
1348 3984 1447 4050 quam

142 4065 422 4136 commentatione
439 4088 502 4136 sua
516 4066 636 4134 critica
652 4065 693 4135 de
706 4066 874 4154 Operibus
890 4071 926 4133 et
937 4065 1066 4134 Diebus
1081 4066 1227 4154 protulit
1241 4066 1324 4154 (Kil.
1338 4067 1446 4152 1815).

141 4171 343 4242 Twestenus
373 4192 504 4259 quoque
534 4170 764 4259 compilatoris
787 4193 863 4239 esse
886 4171 1000 4259 Opera
1032 4174 1157 4254 censet,
1192 4170 1300 4237 minus
1333 4175 1447 4237 tamen

142 4301 242 4367 quam
263 4276 427 4344 Lehrsius
449 4274 591 4343 licenter
613 4297 729 4362 agens.
775 4276 921 4364 quinqua
943 4275 1004 4343 illa
1026 4279 1143 4364 partes
1166 4273 1337 4356 discernit,
1360 4294 1447 4360 quas

140 4383 238 4452 homo
271 4381 396 4470 aliquis
429 4419 470 4431 —
501 4380 667 4449 nescimus
699 4402 763 4469 quo
798 4380 1004 4450 oonsilio-
1027 4377 1253 4461 coniunxerit,
1285 4377 1449 4446 accedunt

142 4486 430 4576 gnomologiarum
452 4485 676 4555 collectiones.
712 4484 815 4553 simili
838 4484 936 4555 modo
958 4484 1195 4553 iudicaverunt
1217 4481 1448 4564 Thierscbius,

146 4592 389 4678 Goettlingius,
412 4590 581 4679 Heyerus,
604 4589 793 4675 Hetaelius,
817 4591 875 4681 qui
897 4591 1042 4659 maiores
1064 4594 1182 4677 partes
1204 4586 1293 4654 inter
1316 4609 1352 4656 se
1374 4611 1451 4658 con·

145 4697 279 4766 iunctas
293 4697 328 4764 in
348 4718 506 4765 conexum
519 4696 605 4764 satis
618 4696 765 4764 solutum
778 4719 817 4764 ac
829 4693 1005 4764 solubilem
1015 4693 1172 4762 redactas
1185 4713 1259 4760 esse
1280 4691 1448 4762 dixerunt.

145 4801 182 4869 0.
212 4802 251 4870 F.
283 4801 438 4870 Bantius
470 4808 583 4869 autem
613 4802 677 4889 (od.
708 4823 738 4869 a.
762 4799 861 4888 1840)
894 4807 931 4867 01
954 4797 1172 4867 Vollbehrius
1203 4798 1268 4885 (ad.
1298 4800 1451 4884 01844)

145 4907 258 5000 Opera
288 4929 389 4975 unum
420 4911 456 4977 et
489 4907 683 4977 continuum
714 4927 848 4977 carmen
880 4927 955 4973 asse
989 4903 1204 4994 comprobare
1237 4904 1451 4990 studuerunt,

1188 5029 1232 5098 1*
