3659 5509
1012 428 1055 498 76

375 597 455 790 {dig
460 603 573 689 ἔμελλε
596 601 665 777 {qq
675 599 730 670 aul
752 599 1040 690 praelumidum
1061 612 1157 691 τιμῆς
1174 601 1329 691 ἐξελάειν,
1352 600 1697 673 traduceremur

397 732 418 773 ν
457 732 508 775 ειν
531 712 577 793 (v.
666 711 688 794 ).

464 813 502 882 Si
525 820 641 902 aperte
668 814 722 882 hic
743 815 858 883 Iovem
888 836 1001 901 regem
1031 814 1183 882 futurum
1213 837 1288 884 esse
1316 821 1418 904 poeta
1448 814 1539 899 dicit,
1574 820 1699 885 tamen
1803 893 1806 898 .

375 918 458 986 haee
495 920 599 989 verba
637 943 711 987 eum
748 919 859 987 fusius
897 925 1005 987 totam
1043 942 1112 987 rem
1151 921 1381 1008 expositurum
1420 944 1495 989 esse
1536 922 1697 990 indicare

374 1023 543 1092 videntur.
599 1024 668 1091 noli
700 1025 781 1091 mihi
813 1025 944 1092 obicere
975 1023 1064 1092 tales
1099 1047 1154 1092 res
1187 1026 1222 1092 in
1255 1026 1464 1114 Theogonia,
1504 1050 1590 1115 quae
1621 1049 1697 1115 quo

375 1130 471 1197 modo
495 1130 547 1198 dei
571 1132 662 1197 inter
685 1154 720 1198 se
744 1130 814 1197 sint
836 1132 971 1217 cognati
995 1136 1147 1215 enarret,
1181 1136 1316 1199 exstare
1346 1152 1481 1200 necesse
1511 1156 1576 1199 non
1599 1155 1693 1200 esse.

373 1233 435 1301 hoc
475 1236 633 1303 iudicium
673 1237 781 1317 valet,
826 1236 855 1303 si
899 1236 940 1303 de
983 1235 1121 1303 Tartari
1162 1236 1387 1324 descriptione
1432 1237 1590 1326 loqueris.
1652 1243 1696 1304 at

376 1340 471 1407 velut
493 1342 573 1429 quid
595 1341 815 1408 Prometheus
839 1347 874 1407 et
896 1341 1022 1407 fratres
1046 1342 1118 1407 eius
1141 1343 1294 1430 perpessi
1317 1341 1387 1409 sint
1413 1343 1497 1410 bene
1518 1343 1553 1409 iu
1578 1343 1694 1409 Theo·

375 1446 477 1530 gonia
499 1447 710 1533 explanatur,
733 1447 870 1534 itaquo
895 1446 991 1512 modo
1013 1446 1170 1534 Iuppiter
1193 1470 1340 1513 summus
1363 1447 1477 1513 mundi
1500 1470 1558 1515 rex
1573 1449 1694 1515 factus

375 1550 431 1632 sit,
456 1552 576 1639 quibus
600 1552 700 1630 sociis
724 1552 770 1618 sit
793 1573 883 1633 usus,
908 1551 1029 1639 quibus
1054 1551 1235 1618 honoribus
1258 1552 1367 1620 socios
1390 1553 1511 1619 merito
1527 1552 1690 1621 affecerit

373 1656 521 1723 —haec
544 1657 654 1723 omnia
677 1662 812 1723 exstent
842 1679 907 1722 non
936 1655 1043 1723 solum
1067 1657 1168 1723 licere
1193 1657 1226 1722 in
1251 1656 1462 1743 Theogonis,
1493 1658 1553 1725 sed
1582 1658 1696 1726 etiam

374 1783 510 1828 necesse
541 1785 615 1829 esse
647 1784 776 1829 censeo.
829 1760 989 1849 Meyerus
1021 1761 1157 1843 laudat,
1193 1783 1257 1850 quo
1289 1762 1385 1828 modo
1418 1762 1574 1850 Iuppiter
1605 1763 1694 1829 deos

375 1867 471 1953 quasi
494 1866 667 1934 ministros
691 1867 782 1953 regis
805 1866 932 1933 inimici
956 1867 999 1933 ad
1023 1888 1059 1932 se
1083 1865 1256 1933 allicuerit
1286 1866 1319 1932 iu
1346 1888 1386 1934 ea
1409 1875 1523 1954 parte,
1557 1890 1624 1956 qua
1649 1868 1696 1934 de

375 1970 483 2059 Styge
506 1971 726 2059 potissimum,
758 1993 822 2037 non
846 1971 886 2038 de
912 1971 994 2038 Iove
1018 1972 1184 2057 agendum
1209 1978 1293 2038 erat.
1339 1979 1377 2038 at
1399 1972 1461 2039 hoc
1484 1972 1556 2039 loco
1579 1977 1695 2040 totam

376 2100 446 2144 rem
468 2077 646 2144 indicando
669 2077 735 2145 iam
758 2075 937 2160 conficere,
968 2076 1020 2144 ita
1047 2083 1087 2143 ut
1115 2082 1235 2165 postea
1263 2099 1305 2143 ne
1328 2078 1466 2146 verbum
1490 2077 1624 2166 quidem
1649 2078 1696 2143 de

378 2204 418 2250 ea
441 2184 577 2266 laceret,
601 2206 666 2250 non
689 2182 787 2250 licuit
808 2188 930 2268 poetae
952 2205 1024 2249 meo
1047 2182 1181 2248 iudicio.
1227 2182 1356 2249 accedit
1377 2182 1455 2250 hoc:
1490 2183 1520 2249 si
1548 2183 1697 2250 laudan·

381 2287 457 2354 dum
485 2294 555 2370 est,
588 2287 623 2354 id
645 2288 734 2376 quod
762 2286 924 2373 Meyerus
955 2287 1053 2372 dicit,
1087 2310 1152 2375 quo
1181 2287 1277 2354 modo
1300 2287 1457 2375 Iuppiter
1488 2288 1576 2354 elius
1604 2293 1697 2372 repis

378 2396 542 2460 ministros
573 2395 728 2477 comesque
761 2392 806 2492 pd
846 2414 882 2459 se
921 2391 1058 2459 allicere
1090 2392 1247 2478 fingitur,
1285 2414 1351 2459 non
1388 2391 1592 2460 laudandum
1624 2400 1692 2478 est,

381 2499 468 2585 quod
492 2521 558 2587 quo
580 2496 676 2563 modo
699 2499 771 2585 ipse
801 2519 941 2582 regnum
971 2497 1058 2584 quod
1088 2503 1208 2563 nactus
1238 2503 1308 2576 est,
1343 2497 1534 2565 instituerit
1557 2500 1695 2565 omnino

380 2626 444 2669 non
469 2603 602 2670 dicitur.
648 2602 709 2669 hoo
732 2602 828 2670 modo
852 2601 1006 2682 efficitur,
1030 2608 1069 2667 ut
1092 2602 1132 2668 de
1155 2601 1248 2667 Iovis
1272 2601 1447 2684 fratribus,
1472 2603 1513 2670 de
1529 2601 1693 2692 Neptuno

381 2714 416 2775 et
437 2707 582 2775 Plutone
613 2707 698 2774 nihil
729 2708 763 2773 in
787 2707 984 2792 Theogonia
1013 2707 1198 2773 audiamus.
1244 2730 1351 2774 noune
1376 2707 1459 2775 haec
1481 2709 1581 2776 valde
1604 2711 1697 2777 mira

378 2813 533 2880 rescat?
578 2812 612 2879 id
639 2818 750 2879 autem
777 2817 852 2880 tota
875 2812 1091 2904 Theogoniae
1121 2813 1273 2878 narratio
1296 2813 1386 2898 agit,
1420 2821 1548 2902 utque
1572 2813 1693 2882 ordine

379 2918 433 2985 dei
464 2918 537 2985 nati
571 2917 642 2985 sint
672 2922 708 2984 et
738 2918 852 2984 mundi
881 2918 1057 3004 imperium
1083 2916 1292 2984 obtinuerint
1321 2921 1477 3006 exponat.
1523 2942 1622 3007 quam
1653 2920 1693 2986 iu

377 3022 629 3111 dispositionem
654 3022 929 3089 Titanomachiae
960 3021 1053 3089 locus
1085 3023 1209 3110 optime
1240 3022 1397 3110 quadrat,
1428 3046 1489 3090 nee
1520 3024 1587 3091 alio
1616 3024 1694 3092 looo

378 3152 450 3197 eam
480 3129 629 3195 inserere
658 3128 772 3211 licuit,
807 3127 872 3193 nisi
904 3130 1013 3194 totam
1037 3126 1252 3212 Theogoniae
1286 3149 1444 3195 conexum
1473 3130 1694 3197 vehementer

380 3240 510 3299 mutare
541 3231 647 3299 vellet
673 3239 775 3320 poeta
805 3233 859 3300 vel
889 3232 1124 3319 interpolator.
1170 3255 1246 3299 nam
1269 3238 1348 3319 post
1372 3231 1499 3300 Terrae
1522 3240 1558 3301 et
1580 3234 1693 3302 Urani

378 3337 624 3405 matrimonium
658 3361 712 3403 vv,
738 3339 800 3404 136
823 3361 895 3426 sqq.
922 3344 1094 3404 narratum
1128 3360 1306 3424 eorumque
1339 3337 1480 3422 liberoS,
1516 3340 1574 3427 qui
1606 3346 1691 3408 sunt

379 3441 537 3524 Titanes,
570 3449 799 3524 enumeratos,
831 3465 862 3510 v.
887 3442 1105 3509 auricomum
1135 3442 1352 3530 progreditur
1380 3465 1434 3510 res
1459 3444 1502 3511 ad
1527 3444 1689 3511 Titanum

379 3548 514 3613 liberos.
570 3569 636 3635 qua
667 3555 742 3615 arte
774 3546 855 3614 haec
888 3547 999 3614 omnia
1030 3570 1051 3614 a
1080 3553 1182 3634 poeta
1213 3547 1373 3636 instituta¹
1408 3549 1492 3631 siut,
1527 3547 1689 3637 Meyerus

380 3652 503 3740 optime
527 3653 686 3719 ostendit.
731 3652 812 3740 quid
835 3652 947 3718 ultimi
971 3651 1119 3733 Titanis,
1143 3652 1272 3740 Iapeti,
1298 3651 1359 3717 filii
1383 3654 1477 3740 passi
1500 3654 1579 3737 sint,
1609 3654 1692 3722 inde

381 3782 400 3825 a
419 3780 521 3825 versu
536 3760 600 3825 507
624 3759 812 3845 exponitur,
836 3758 972 3825 inverso
997 3758 1114 3826 ordine
1138 3781 1178 3824 ea
1201 3757 1242 3823 de
1264 3780 1375 3836 causa,
1400 3758 1487 3844 quod
1511 3764 1590 3825 ante
1605 3758 1690 3826 Pro-

378 3863 545 3930 metheum
568 3887 588 3929 a
610 3862 691 3929 Iove
721 3864 874 3950 punitum
896 3862 1011 3929 Iovem
1041 3863 1151 3949 ipsum
1181 3868 1295 3927 natum
1327 3884 1401 3928 esse
1431 3862 1496 3928 dici
1527 3864 1689 3949 oportuit.

378 3968 439 4035 hoc
462 3989 591 4055 quoque
606 3966 765 4054 Meyerus
789 3968 871 4033 bene
894 3967 1045 4033 coniecit.
1091 3967 1176 4034 hanc
1199 3966 1239 4032 de
1255 3965 1454 4033 Prometheo
1478 3967 1691 4054 potissimum

378 4078 510 4160 partem
525 4072 678 4158 sequitur
690 4070 954 4154 Titauomaohia,
972 4093 1070 4159 quam
1083 4070 1318 4157 interpolator,
1336 4072 1425 4138 sicut
1439 4071 1598 4160 Meyerus
1615 4095 1689 4139 cum

379 4176 568 4244 Gerhardio
591 4175 733 4264 aliisque
757 4175 938 4256 contendit,
963 4176 1036 4263 ipse
1052 4175 1251 4241 terminavit
1271 4199 1326 4243 vv.
1339 4177 1523 4243 881-885.
1557 4178 1687 4265 primus

378 4281 487 4369 igitur
501 4281 638 4348 Uranus
657 4281 803 4347 habebat
818 4280 932 4346 mundi
949 4281 1134 4368 imperium,
1159 4302 1254 4368 quem
1272 4278 1404 4348 Cronus
1420 4281 1510 4348 filius
1526 4305 1544 4348 e
1561 4283 1691 4351 Terrae

379 4387 500 4454 matris
530 4385 670 4452 consilio
700 4391 736 4452 et
764 4391 887 4470 rogatu
918 4392 1059 4453 castret.
1104 4386 1231 4452 fratres
1255 4384 1396 4452 Titanes
1422 4385 1556 4454 liberet.
1602 4409 1687 4472 cum,

377 4497 418 4557 ut
446 4489 618 4558 Prellerus
640 4489 877 4577 Robertusque
908 4491 943 4576 (l.
967 4490 990 4556 l.
1018 4513 1050 4577 p.
1073 4489 1116 4556 43
1147 4489 1221 4557 adn.
1245 4491 1276 4555 2.
1330 4490 1371 4556 cf.
1395 4489 1526 4579 Meyeri
1555 4514 1610 4578 pg.
1634 4493 1693 4580 81)

377 4601 470 4663 recte
500 4595 663 4662 adnotare
692 4595 773 4660 mihi
803 4595 971 4678 videntur,
1004 4596 1060 4683 qui
1083 4596 1198 4661 lovem
1230 4595 1264 4660 in
1293 4594 1433 4683 imperio
1456 4596 1570 4662 muudi
1592 4603 1688 4664 ante-

379 4700 559 4784 cesserint,
594 4723 758 4788 nusquam
789 4722 849 4767 nec
877 4722 1034 4788 umquam
1063 4721 1143 4766 vere
1167 4699 1276 4786 ‘primi
1300 4699 1445 4767 deorum'
1470 4700 1578 4768 habiti
1609 4701 1690 4783 sint,

379 4805 439 4874 sed
462 4829 546 4894 quae
570 4805 611 4873 de
633 4805 676 4871 iis
706 4811 888 4872 narrentur
910 4806 990 4872 ficta
1012 4809 1143 4871 tentum
1174 4804 1258 4888 sint,
1289 4810 1328 4871 ut
1350 4805 1442 4872 Iovis
1466 4806 1605 4894 imperio
1630 4828 1688 4894 op·

382 4918 596 5001 ponerentur,
619 4934 686 4979 non
708 4910 879 4997 miramur,
903 4911 992 5000 quod
1014 4910 1106 4977 nullo
1130 4908 1343 4997 Theogoniae
1365 4910 1437 4979 loco
1462 4911 1590 4998 apertis
1614 4934 1690 4980 ver-
