3659 5509
1024 438 1069 505 48

395 616 677 693 commemoraret,
708 631 749 677 ex
771 609 915 698 Operum
946 633 1047 678 versu
1071 611 1111 676 11
1142 614 1258 678 notum
1281 617 1344 679 est.
1396 636 1458 680 nec
1490 614 1703 681 narrationes

394 714 642 802 mythologices
675 714 776 780 etiam
809 715 910 782 alteri
940 715 1079 782 carmini
1109 716 1260 783 inserere
1291 717 1334 783 ab
1357 717 1499 785 Hesiodi
1521 707 1611 802 arie,
1646 718 1704 808 qni

394 824 526 886 tantum
558 841 691 886 carmen
722 819 985 907 mythologicum
1017 827 1266 908 composuerat,
1300 821 1521 905 abhorrebat,
1554 823 1584 891 si
1606 823 1703 890 modo

394 923 584 992 fabularum
607 946 725 991 sensus
749 945 822 990 cum
845 931 1044 1009 argumento
1067 925 1224 992 carminis
1248 927 1412 1012 congruit.

481 1029 533 1095 At
560 1028 712 1115 profecto
743 1051 812 1094 rem
844 1028 894 1096 ita
926 1052 1000 1097 esse
1033 1030 1250 1097 constitutam
1281 1029 1355 1099 iure
1386 1031 1539 1118 negabis,
1573 1032 1602 1099 si
1630 1055 1704 1100 cnm

394 1132 604 1201 Kirchhoffio
628 1132 739 1221 Opera
766 1138 802 1200 et
824 1132 906 1201 Dies
939 1157 1019 1201 vere
1048 1158 1149 1201 unum
1180 1141 1216 1202 et
1244 1136 1438 1204 continuum
1466 1160 1599 1205 carmen
1627 1159 1703 1205 esse

392 1261 507 1323 negas.
552 1239 748 1327 priusquam
779 1237 887 1323 igitur
917 1238 958 1305 de
982 1237 1128 1327 Operum
1158 1240 1294 1308 fabulae
1325 1247 1463 1308 auctore
1495 1247 1621 1309 certum
1652 1242 1701 1307 iu·

394 1342 516 1410 dicium
544 1343 698 1430 proferre
726 1342 844 1424 liceat,
875 1366 919 1410 an
942 1342 1174 1411 Kirchboffins
1205 1352 1297 1413 recte
1319 1345 1430 1433 Opera
1453 1349 1490 1413 et
1510 1346 1594 1414 Dies
1615 1368 1701 1412 com·

392 1447 548 1535 pluribus
570 1470 589 1514 e
611 1446 814 1514 carminibus
837 1448 1024 1535 composita
1051 1471 1126 1515 esse
1155 1449 1367 1517 contenderit
1388 1450 1613 1539 quaerendum
1635 1456 1699 1518 est.

395 1552 439 1620 ad
460 1551 547 1619 hanc
569 1552 676 1638 igitur
700 1551 929 1640 quaestionem
952 1554 1188 1639 gravissimam
1211 1554 1415 1622 accedamus.

937 1773 1069 1863 Caput
1089 1774 1151 1845 IV.

787 1912 838 1991 llo
868 1910 1020 2014 tlpcrum
1050 1912 1317 2016 compositione.

482 2065 714 2133 Kirchhoiiius
749 2067 845 2151 libro,
888 2068 942 2134 cui
976 2069 1151 2155 inscripsit
1186 2070 1381 2153 ,Hesiodos'
1415 2068 1623 2139 mahnlieder
1656 2091 1699 2135 an

393 2169 548 2254 Perses“,
582 2168 693 2257 Opera
725 2178 760 2238 et
790 2172 863 2240 dies
894 2174 1120 2262 compluribus
1150 2176 1396 2243 ecarminibus
1418 2175 1604 2264 composita
1624 2196 1698 2241 esse
1812 2161 1813 2214 3

395 2276 609 2362 comprobare
633 2274 775 2357 studuit,
800 2283 874 2344 arte
897 2278 1030 2366 quidem
1047 2287 1244 2364 argumento
1268 2280 1340 2348 sive
1364 2280 1467 2348 simili
1490 2279 1562 2347 sive
1585 2278 1698 2346 eodem

392 2380 483 2446 inter
514 2400 587 2445 sese
618 2380 814 2464 coniunctis,
845 2404 954 2470 neque
984 2406 1065 2450 vero
1094 2390 1184 2450 recte
1215 2385 1349 2452 conexis
1380 2407 1487 2473 neque
1515 2385 1568 2451 ita
1594 2383 1697 2450 conti·
1812 2415 1813 2418 ¹

391 2484 517 2567 nuatis,
540 2489 579 2549 ut
602 2485 845 2552 sententiarum
868 2487 949 2554 ordo
973 2494 1051 2575 apte
1074 2489 1245 2576 procedat.
1291 2489 1436 2557 alterum
1462 2489 1570 2575 igitur
1600 2509 1697 2574 argu·

392 2594 538 2655 mentum
562 2610 627 2675 quo
643 2586 876 2657 Kirohholiius
900 2592 1025 2659 nititur
1047 2593 1089 2659 ad
1113 2594 1253 2661 formam
1277 2595 1434 2661 carminis
1457 2594 1593 2676 attinet,
1610 2591 1697 2680 quod
1812 2669 1813 2674 γ

393 2716 510 2781 parum
538 2693 573 2759 in
601 2714 701 2758 unum
734 2695 831 2782 quasi
864 2719 986 2784 corpus
1016 2698 1189 2765 redactum
1220 2719 1515 2788 comprensamque
1544 2719 1619 2767 esse
1641 2697 1698 2763 ob·

394 2803 520 2882 servat,
550 2797 694 2865 alterum
727 2799 771 2866 ad
803 2799 1013 2886 singulorum
1046 2803 1248 2869 ‘carminum’
1273 2804 1469 2871 sententias.
1516 2826 1588 2870 cum
1612 2802 1697 2869 enim

392 2909 501 2969 totum
530 2924 661 2969 carmen
694 2926 767 2971 oum
790 2905 933 2972 Hesiodi
960 2906 1146 2993 fratrisque
1176 2909 1249 2974 vita
1279 2915 1354 2975 arte
1385 2908 1597 2975 coniunctum
1624 2929 1695 2974 esse
1812 2911 1813 2922 ³

392 3007 609 3085 intellexerit,
633 3007 698 3074 duo
723 3009 901 3091 ‘carmina',
933 3011 1111 3098 septimum
1135 3013 1265 3078 scilicet
1288 3016 1355 3098 (vv.
1378 3012 1565 3099 aes-313)
1589 3018 1626 3079 et
1647 3035 1695 3078 oc·

391 3119 507 3180 tavum
523 3114 588 3196 (vv.
605 3112 801 3198 314-694),
817 3121 1016 3200 argumento
1032 3122 1068 3182 et
1086 3117 1128 3183 ab
1152 3118 1428 3185 antecedentibus
1445 3117 1575 3203 diiungi
1589 3138 1695 3205 neque

339 3215 344 3226 '
391 3218 482 3284 inter
504 3216 579 3304 ipsa
602 3217 779 3285 coniuncta
802 3241 876 3286 esse
900 3219 1082 3287 contendit.
1131 3221 1266 3307 singula
1291 3222 1470 3307 ‘carmina’,
1494 3223 1616 3310 quibus
1632 3221 1694 3289 He·

392 3321 507 3390 siodus
536 3320 571 3387 id
600 3322 742 3389 maxime
773 3323 857 3408 agit,
887 3331 927 3390 ut
956 3329 992 3390 et
1014 3323 1141 3391 Persen
1168 3325 1309 3392 fratrem
1339 3335 1375 3393 ct
1403 3348 1501 3412 reges
1525 3349 1546 3394 a
1575 3326 1693 3393 litibus

391 3425 517 3513 iniquis
545 3432 682 3492 revocet
713 3433 749 3493 et
778 3427 920 3494 fratrem
951 3427 994 3495 ad
1025 3451 1144 3514 agrum
1168 3430 1341 3497 colendum
1371 3431 1534 3518 impellat,
1563 3431 1599 3499 in
1621 3432 1693 3497 foro

391 3531 541 3597 Ascraeo
569 3529 624 3597 vel
648 3530 848 3618 Thespiensi
876 3539 1011 3619 poetam
1041 3535 1280 3622 pronuntiasse
1304 3536 1396 3620 dicit,
1428 3541 1549 3623 postea
1571 3539 1692 3618 autem,

391 3657 464 3702 cum
485 3633 553 3701 iam
575 3634 664 3723 quod
686 3635 852 3703 voluisset
874 3637 1053 3720 effecisset,
1081 3661 1121 3705 ea
1151 3639 1185 3704 in
1209 3662 1309 3704 unum
1330 3639 1506 3726 collegisse
1527 3639 1695 3727 prooemio

390 3738 458 3825 (vv.
474 3739 592 3821 1-10)
615 3739 819 3828 anteposito.
854 3764 918 3829 quo
941 3748 1040 3829 pacto
1063 3765 1131 3809 rem
1157 3766 1193 3810 se
1214 3744 1337 3811 habere
1360 3766 1459 3832 quam
1482 3745 1530 3813 sit
1550 3745 1624 3814 veri
1653 3744 1695 3813 si·
1812 3775 1813 3782 ¹

389 3844 467 3911 mile
489 3844 562 3932 ipse
585 3843 722 3927 iudices
753 3868 826 3912 cum
856 3847 1003 3914 carmina
1026 3869 1044 3914 e
1067 3869 1193 3915 conexu
1216 3849 1330 3915 soluta
1351 3872 1412 3917 neo
1434 3849 1594 3918 concinne
1616 3872 1693 3917 eva·

389 3948 474 4016 dant
502 3954 537 4014 et
568 3948 697 4015 ambitu
726 3949 900 4016 admodum
932 3950 1078 4018 diversa.
1123 3952 1205 4019 haec
1234 3959 1347 4019 autem
1377 3958 1467 4023 sunt
1487 3953 1692 4022 Kirchholiii

390 4051 576 4120 ‘carmina':
600 4052 628 4119 I.
651 4076 706 4120 vv.
731 4054 870 4121 11—48.
900 4053 948 4120 II.
973 4079 1026 4122 vv.
1050 4055 1234 4122 soa-212.
1265 4055 1332 4124 ΙΠ.
1352 4058 1534 4125 213-247.
1557 4058 1621 4126 IV.
1639 4081 1692 4125 vv.

387 4156 571 4225 ars-269.
601 4156 643 4225 V.
668 4181 722 4225 vv.
746 4158 930 4226 aco-285.
963 4159 1023 4227 VI.
1048 4184 1102 4227 vv.
1118 4160 1301 4229 286—292.
1334 4162 1414 4231 VII.
1437 4186 1493 4231 vv.
1509 4163 1691 4230 ass-313.

389 4260 489 4329 VIII.
512 4284 567 4329 vv.
584 4261 758 4328 314-694
780 4262 1100 4351 interpolationibus
1124 4266 1282 4352 exceptis.
1318 4266 1439 4354 quibus
1461 4273 1597 4355 poetam
1618 4289 1692 4356 pro·

388 4365 529 4433 oemium
551 4366 787 4454 praeposuisse
803 4366 886 4434 dicit
908 4374 974 4451 (vv.
988 4368 1115 4451 1-10).
1144 4370 1347 4456 prooemium
1365 4371 1451 4437 nulli
1474 4372 1607 4439 omnino
1623 4394 1691 4440 car·

388 4469 470 4537 mini
499 4469 565 4537 nisi
588 4469 755 4558 Operibus
786 4477 902 4559 aptum
926 4494 1001 4539 esse
1024 4478 1059 4540 et
1087 4473 1161 4561 ipse
1184 4473 1417 4542 Kircbhoffius
1440 4477 1638 4545 observavit
1659 4481 1693 4544 st

388 4581 467 4663 post
496 4597 570 4641 eum
593 4574 661 4643 Leo
692 4577 726 4641 in
751 4574 952 4643 ‘Hesiodeis'
980 4576 1032 4644 ita
1053 4579 1295 4667 comprobavit,
1326 4585 1365 4646 ut
1388 4580 1544 4650 dubitare
1567 4581 1608 4650 de
1631 4582 1692 4649 bac

388 4701 424 4747 rc
445 4700 511 4746 non
534 4679 600 4746 iam
624 4679 735 4747 liceat.
769 4681 940 4768 prooemio
963 4681 1050 4748 enim
1072 4683 1181 4750 totins
1205 4684 1362 4751 carminis
1384 4693 1582 4772 argumento
1598 4708 1693 4774 prae·

389 4782 529 4866 luditur,
559 4804 631 4850 cum
664 4789 699 4851 et
730 4784 773 4851 ad
804 4807 904 4871 reges
927 4793 1067 4874 spectet,
1101 4787 1158 4876 qui
1181 4788 1234 4855 ius
1257 4796 1408 4870 curvent,
1432 4796 1467 4858 et
1488 4791 1533 4859 ad
1554 4790 1690 4874 Persen,

389 4888 447 4977 qui
469 4887 542 4954 iure
565 4895 707 4956 curvato
729 4888 798 4955 frui
821 4891 946 4976 cupiat
985 4891 1035 4959 ita
1058 4898 1170 4959 autom
1193 4893 1308 4960 verbis
1333 4894 1581 4964 obscurioribus
1596 4896 1692 4984 qnasi
