3659 5509
1015 447 1058 514 32

382 623 509 710 excipit
530 644 664 690 versum
686 621 740 690 68.
785 622 873 690 subs
896 619 1017 689 habuit
1037 625 1140 708 poeta
1162 643 1227 709 quo
1251 620 1349 689 modo
1370 620 1527 709 Iuppiter
1548 621 1691 709 primam

378 728 550 796 mulierem
582 726 656 795 fieri
684 726 852 795 voluisset
881 748 1039 794 narrare:
1071 725 1232 794 mandata
1254 727 1347 795 Iovis
1375 727 1477 794 etiam
1500 726 1616 814 perfici
1638 733 1690 794 ta·

381 856 457 902 cere
485 832 620 900 licebat.
665 831 786 900 mulier
814 833 911 900 modo
944 837 1060 899 ereata
1084 870 1124 881 —
1147 854 1188 899 ea
1218 832 1304 899 enim
1328 837 1381 900 est
1404 834 1504 911 δόλος
1525 835 1626 910 clrior
1649 871 1691 880 —
1820 889 1821 898 ,

381 939 425 1009 ad
454 937 691 1026 Epimetheum
721 937 881 1005 mittitur.
948 937 1167 1026 Epimetheus
1199 943 1312 1004 autem
1344 935 1536 1004 Promethei
1569 936 1691 1003 fratris

381 1043 601 1112 admonitioni
632 1064 698 1110 non
732 1043 912 1110 obsecutus
944 1043 1087 1128 benigne
1109 1042 1283 1110 mulierem
1317 1042 1449 1129 accipit
1492 1042 1550 1108 ubi
1574 1045 1688 1109 autem
1820 1083 1821 1122 2

380 1148 504 1217 malum
528 1147 667 1235 accepit,
690 1169 728 1215 re
750 1169 834 1215 vera
856 1147 980 1214 malum
1005 1169 1079 1214 esse
1103 1147 1225 1215 donum
1248 1148 1407 1232 cognovit
1419 1148 1455 1231 ¹).
1500 1147 1584 1214 bene
1613 1169 1690 1213 nar·
1820 1143 1821 1184 ³

380 1256 471 1323 ratio
493 1253 655 1342 procedit
701 1259 748 1337 at,
776 1254 877 1337 dices,
906 1274 973 1341 qua
995 1252 1037 1320 de
1059 1274 1162 1320 causa
1184 1251 1342 1341 Iuppiter
1363 1251 1486 1320 malum
1509 1275 1574 1340 quo
1596 1252 1691 1320 viros
1820 1279 1821 1310 i

380 1361 518 1429 afficere
540 1358 660 1441 voluit,
684 1358 729 1425 ad
751 1357 986 1446 Epimethenm
1008 1357 1145 1424 mittit?
1188 1380 1331 1426 revera
1354 1380 1439 1446 quae
1462 1357 1570 1423 fuerit
1598 1357 1692 1423 inter
1820 1343 1821 1410 ἕ

381 1462 617 1553 Epimetheum
640 1470 676 1530 et
698 1463 791 1531 viros
813 1464 976 1530 mortales
999 1463 1187 1530 coniunctio
1209 1463 1385 1530 nescimus.
1417 1462 1592 1531 exstitisse
1614 1483 1690 1529 con·
1820 1477 1821 1522 i

381 1569 584 1637 iunctionem
600 1568 747 1657 aliquam
763 1590 865 1636 versu
875 1569 919 1635 88
934 1568 1119 1636 edocemur.
1155 1567 1231 1634 ideo
1244 1567 1330 1634 enim
1342 1567 1563 1634 Prometheus
1575 1589 1618 1633 ne
1630 1566 1691 1632 do·

380 1698 459 1743 num
474 1674 613 1763 aliquod
623 1673 718 1742 Iovis
730 1675 899 1762 acciperet
910 1675 1053 1741 fratrem
1070 1672 1252 1754 admonuit,
1269 1695 1311 1739 ne
1324 1673 1477 1739 omnibns
1489 1671 1689 1738 mortalibus
1820 1667 1821 1704 ¹

382 1779 507 1847 malum
529 1779 636 1846 fieret.
667 1800 754 1846 unus
767 1779 875 1866 igitur
887 1802 1007 1846 versus
1018 1780 1062 1845 88
1075 1778 1340 1845 coniunctionem
1354 1777 1445 1844 inter
1453 1776 1692 1843 Prometheum

380 1892 483 1973 atque
516 1883 753 1972 Epimetheum
785 1890 821 1952 et
855 1884 1015 1951 mortales
1047 1883 1153 1951 fuisse
1185 1882 1356 1969 significat
1387 1903 1495 1971 neque
1530 1882 1571 1948 de
1604 1882 1692 1948 bono
1820 1867 1821 1924 ἕ

381 1990 589 2058 narrationis
610 2011 794 2078 progressu
816 1989 894 2056 inde
917 2013 937 2057 a
959 2011 1062 2057 versu
1083 1990 1127 2055 83
1149 1988 1307 2056 dubitare
1327 1987 1418 2055 licet

468 2113 666 2202 Epimetheo
676 2112 825 2180 mittitur
836 2114 946 2201 prima
957 2114 1089 2180 omnino
1099 2112 1228 2179 mulier.
1254 2112 1481 2179 narrationem
1493 2111 1602 2178 adhuc
1612 2131 1690 2198 pro·

380 2219 514 2287 ductam
527 2218 672 2285 noudum
688 2218 878 2286 absolutam
894 2241 969 2286 esse
985 2226 1021 2287 et
1037 2241 1078 2286 ex
1092 2219 1167 2306 ipsa
1183 2240 1221 2285 re
1237 2224 1273 2285 et
1288 2239 1306 2284 e
1320 2239 1423 2284 versu
1433 2217 1476 2283 88
1488 2237 1691 2302 cognoscere

379 2323 468 2391 licet.
491 2346 569 2390 uam
585 2323 723 2391 muliere
738 2329 877 2412 accepta
892 2347 958 2391 uon
975 2323 1082 2390 solum
1094 2320 1293 2411 Epimetheo
1309 2323 1370 2390 sed
1383 2321 1484 2389 etiam
1501 2321 1586 2390 viris
1602 2342 1691 2387 mor·

379 2427 507 2497 talibus
523 2428 647 2496 malum
670 2429 858 2517 comparari
879 2429 948 2495 iam
962 2452 993 2495 v.
1010 2430 1054 2494 88
1072 2433 1172 2516 poeta
1192 2427 1329 2494 indicat.
1367 2449 1475 2516 neque
1489 2427 1599 2512 igitar
1618 2425 1691 2493 sine

380 2539 473 2602 certo
486 2533 625 2600 consilio
636 2533 747 2621 ipsum
758 2533 992 2623 Epimetheum
1007 2533 1130 2600 malum
1146 2539 1317 2621 acceptum
1333 2531 1413 2619 quid
1430 2531 1477 2598 sit
1488 2552 1689 2617 cognoscere

380 2644 482 2726 poeta
493 2638 586 2706 dicit.
615 2660 734 2706 versus
742 2638 784 2705 89
796 2660 869 2706 cum
882 2638 970 2726 quod
982 2638 1018 2705 in
1027 2638 1222 2705 universum
1233 2638 1300 2704 iam
1313 2636 1531 2724 comperimus
1543 2640 1690 2724 repetat,

381 2741 457 2810 ideo
481 2750 599 2832 aperte
628 2749 683 2811 est
704 2745 863 2811 inventus
886 2744 992 2812 atad
1015 2750 1206 2811 accuratam
1229 2742 1486 2830 explicationem
1508 2740 1691 2808 transitum

382 2848 543 2916 efficeret.
588 2849 757 2936 explicare
789 2848 906 2915 debuit
939 2852 1051 2937 poeta,
1085 2871 1150 2936 qua
1182 2848 1223 2916 de
1254 2870 1356 2915 causa
1385 2846 1505 2914 mulier
1533 2845 1596 2913 illa
1624 2867 1691 2912 non

382 2953 490 3021 solum
512 2953 712 3041 Epimetheo
745 2953 805 3021 sed
835 2954 938 3021 etiam
961 2954 1046 3021 viris
1069 2952 1268 3021 mortalibus
1292 2952 1411 3019 damno
1441 2956 1541 3019 esset.
1587 2954 1692 3037 atque

381 3058 547 3125 rationem
577 3063 622 3141 et,
654 3063 695 3124 ut
724 3058 776 3125 ita
808 3056 926 3142 dicam,
963 3058 1104 3126 formam
1139 3056 1374 3146 explicationis
1409 3057 1475 3123 iam
1508 3056 1544 3121 in
1577 3056 1692 3141 priore

381 3162 592 3231 narrationis
611 3169 710 3250 parte
734 3163 831 3251 quasi
855 3163 1051 3232 delineavit.
1084 3163 1177 3231 viros
1200 3162 1333 3245 malum,
1358 3161 1447 3251 quod
1461 3160 1619 3248 Iuppiter
1640 3159 1690 3226 eis

381 3269 609 3355 comparabat,
625 3267 726 3336 valde
742 3274 914 3336 amaturos
939 3290 1014 3336 esse
1030 3267 1126 3352 dixit,
1145 3268 1279 3336 etiamsi
1294 3266 1416 3334 malum
1433 3271 1532 3334 esset.
1566 3264 1689 3331 malum

381 3373 469 3461 quod
486 3372 662 3458 effingitur
681 3372 800 3441 mulier
819 3380 881 3440 est.
914 3395 1022 3462 neque
1037 3395 1119 3442 vero
1136 3396 1249 3441 omnes
1264 3371 1331 3440 viri
1345 3372 1487 3439 omnium
1502 3375 1690 3457 temporum

379 3515 423 3527 -
434 3476 502 3544 viri
517 3477 708 3545 futurorum
720 3483 906 3567 temporum
922 3479 1074 3547 consulto
1089 3478 1284 3547 indicantur
1296 3477 1409 3545 verbis
1421 3475 1586 3562 ἀνδράσιν
1597 3474 1691 3541 ἕσσο-

380 3580 511 3665 peccaut
535 3617 575 3630 -
599 3581 684 3650 hanc
706 3603 807 3650 unam
829 3584 1004 3652 mulierem
1024 3586 1193 3652 amabunt.
1239 3583 1357 3672 itaque
1379 3582 1460 3650 haec
1481 3603 1550 3647 una
1571 3577 1692 3645 mulier

379 3684 491 3753 instar
509 3691 564 3755 est
580 3687 688 3755 totius
706 3688 841 3775 generis
855 3689 1039 3757 muliebris,
1078 3694 1180 3777 atque
1199 3689 1322 3756 malum
1340 3708 1404 3775 quo
1419 3686 1577 3774 Iuppiter
1596 3684 1690 3751 viros

380 3790 513 3875 affecit,
543 3792 706 3860 muliebre
735 3816 841 3880 genas
871 3800 934 3862 eet.
991 3794 1079 3883 quod
1103 3815 1302 3882 quamquam
1326 3790 1465 3859 disertis
1488 3788 1601 3857 verbis
1624 3810 1691 3855 non

381 3894 465 3962 dicit
497 3901 607 3984 poeta,
638 3905 750 3965 tamen
778 3897 980 3966 addubitare
1009 3922 1075 3966 non
1105 3898 1203 3980 licet,
1236 3919 1342 3986 neque
1372 3896 1474 3963 aliter
1496 3893 1537 3961 de
1567 3894 1630 3961 hac
1652 3915 1691 3960 re

381 3997 629 4067 Schoemannus
651 4002 781 4088 (comm.
794 4001 921 4089 Theog.
935 4003 1024 4089 211),
1041 4003 1274 4071 Kirchhoffius
1289 4002 1324 4085 (l.
1339 4000 1363 4067 l.
1375 4023 1431 4088 pg.
1443 4001 1511 4085 45),
1534 3998 1691 4082 Meycrus

380 4103 416 4191 (l.
439 4103 462 4171 l.
486 4127 541 4193 pg.
565 4106 679 4191 93194)
703 4106 947 4176 iudicaverunt.
992 4109 1114 4197 quibus
1137 4108 1238 4175 rebus
1263 4105 1402 4174 ethaeo
1424 4125 1492 4173 una
1514 4103 1634 4172 mulier
1656 4107 1693 4170 et

380 4213 490 4276 totum
519 4209 682 4279 muliebre
712 4235 818 4299 genus
847 4217 883 4280 et
905 4213 1103 4301 Epimetheo
1130 4218 1167 4280 et
1189 4212 1341 4280 omnibus
1364 4211 1448 4279 viris
1471 4215 1623 4291 noceant,
1655 4207 1691 4274 in

382 4314 576 4383 universum
596 4337 614 4383 e
633 4317 788 4385 versibus
804 4318 905 4397 67l68
928 4320 1163 4407 comperimus:
1188 4322 1242 4386 est
1265 4317 1351 4384 enim
1373 4314 1560 4404 impudenti
1582 4313 1693 4395 animo

383 4423 420 4486 et
441 4419 593 4489 mendax.
630 4422 684 4489 his
707 4422 816 4508 igitur
837 4421 873 4488 iu
896 4424 1105 4509 argumentis
1128 4422 1261 4491 versari
1283 4421 1400 4489 debuit
1421 4426 1531 4509 poeta,
1557 4416 1693 4507 siquod

383 4523 419 4590 in
432 4524 626 4593 uuiversum
641 4526 709 4594 iam
723 4526 888 4595 indicavit
903 4529 1118 4616 expositurus
1134 4535 1211 4596 erat
1222 4530 1301 4617 post
1312 4548 1447 4595 versum
1458 4525 1511 4609 89,
1527 4524 1583 4613 qui
1600 4529 1694 4590 tran-

383 4628 485 4697 situm
517 4629 560 4697 ad
588 4630 674 4698 hanc
697 4631 956 4720 explicationem
984 4633 1078 4701 facit.
1122 4637 1225 4722 atque
1249 4632 1314 4700 duo
1337 4636 1426 4715 sunt,
1451 4652 1535 4719 quae
1557 4636 1694 4716 poetam

381 4945 404 5001 P
442 4855 501 5001 dl)
520 4853 613 4911 Verba
631 4852 677 4911 dra
697 4855 733 4927 δὴ
752 4857 843 4914 aucto
863 4853 913 4930 all
928 4851 1027 4929 ἐνόησε
1045 4858 1134 4914 simile
1152 4863 1195 4913 est
1209 4854 1391 4929 Ἐπιμηθέως
1410 4854 1589 4923 veriloquium
1608 4858 1694 4923 atque

405 4961 441 5003 au
461 4960 526 5001 orae
545 4964 568 5002 v.
589 4950 632 5002 81.
1551 4963 1557 4972 '
