3659 5509
748 471 792 542 21

102 643 169 736 qui
196 643 300 715 etiam
321 644 427 714 verba
448 646 512 715 cim
532 644 650 715 ἐδίδου
670 651 762 715 recte
783 644 1032 735 interpretatur
1041 645 1078 733 ¹).
1121 644 1238 736 itaque
1262 649 1302 714 nt
1323 647 1428 733 lucro,

103 752 205 840 quod
227 752 397 835 fecerunt,
422 751 578 819 δδιδδδδι
601 752 738 841 aliquod
760 758 1001 841 opponeretur,
1033 752 1145 840 ignem
1166 751 1324 841 Iuppiter
1347 753 1429 821 dare

102 858 306 940 recusabat,
337 859 399 925 οὐκ
421 856 547 941 ἐδίδου,
579 857 710 925 adhcet
737 858 957 946 perlongum
978 858 1142 947 temporis
1165 859 1321 947 spatium.
1367 858 1429 926 hoc

103 968 167 1030 est
188 961 342 1031 damnum
359 962 447 1051 quod
469 962 599 1029 luorum
617 962 703 1029 iilud
720 986 786 1030 non
801 963 910 1030 solum
925 969 1060 1052 aequat,
1083 964 1261 1032 sedetiam
1277 970 1426 1051 superat,

103 1072 150 1134 ut
183 1067 272 1134 illud
299 1067 371 1135 fere
399 1066 499 1133 nihili
527 1067 606 1151 fiat,
641 1066 678 1134 id
708 1067 796 1156 quod
816 1068 976 1157 Hyginus
997 1068 1049 1155 (P.
1064 1068 1108 1136 Α
1124 1068 1232 1157 1115)
1262 1069 1330 1136 iam
1358 1090 1429 1136 rec·

102 1173 247 1241 tissime
263 1173 390 1240 monuit
398 1174 436 1259 ²).
469 1174 595 1260 optime
617 1172 725 1259 igitur
747 1173 901 1262 procedit
920 1173 1083 1242 narratio.
1100 1213 1140 1225 -
1156 1173 1300 1243 alteram
1315 1177 1429 1242 autem

104 1277 152 1345 de
185 1277 378 1345 fabularum
407 1299 535 1346 conexu
564 1279 796 1365 quaestionem
826 1279 928 1366 paulo
958 1278 1101 1347 inferius
1133 1279 1315 1347 instituere
1345 1278 1427 1345 mihi

102 1381 229 1450 liceat.
262 1382 324 1449 hoc
338 1381 411 1449 loco
426 1388 547 1470 poetae
562 1383 790 1450 narrationem
804 1406 1057 1473 prosequamur.
1076 1423 1114 1434 -
1131 1385 1305 1453 recusavit
1319 1384 1428 1470 igitur

102 1486 272 1575 Iuppiter
305 1485 493 1555 hominibus
524 1487 644 1575 ignem.
690 1511 765 1556 cum
794 1496 906 1557 autem
936 1490 1015 1577 igne
1044 1512 1160 1558 carere
1189 1511 1256 1557 non
1285 1495 1426 1578 possent

102 1591 276 1676 homines,
299 1592 420 1661 iterum
437 1593 534 1681 quasi
556 1595 702 1660 antistes
725 1601 827 1683 atque
849 1600 946 1664 tutor
969 1596 1019 1663 eis
1041 1596 1177 1664 exstitit
1191 1595 1424 1662 Prometheus.

103 1697 252 1765 furatur
288 1698 375 1765 enim
410 1698 522 1784 ignem
555 1698 642 1766 olam
675 1700 775 1782 Iove,
812 1700 924 1768 ferula
958 1700 1138 1769 conditum
1198 1721 1306 1789 neque
1343 1722 1424 1767 vero

104 1803 235 1870 mirum
265 1803 354 1892 quod
377 1802 534 1891 Iuppiter
565 1804 689 1872 iterum
720 1803 822 1872 valde
850 1806 1023 1874 irascitur.
1068 1807 1187 1873 mirum
1219 1813 1331 1873 autem
1361 1810 1427 1886 est,

106 1907 205 1996 quod
235 1908 359 1975 iterum
389 1908 539 1975 homines
568 1930 676 1996 poena
709 1909 913 1991 afficiuntur,
954 1932 1028 1977 cum
1064 1910 1149 1977 nihil
1179 1916 1296 1978 contra
1331 1910 1427 1978 Iovis

105 2013 327 2082 voluntatem
356 2012 507 2081 fecerint
561 2012 681 2102 quodsi
715 2015 846 2082 omnino
876 2014 1065 2103 puniendus
1101 2021 1178 2083 erat
1205 2014 1428 2083 Prometheus

107 2156 155 2167 —
197 2140 294 2206 quem
333 2117 626 2186 vehementissime
666 2142 687 2188 a
725 2119 808 2187 Iove
852 2121 1008 2207 punitum
1048 2143 1123 2189 esse
1164 2144 1219 2188 vv.
1254 2119 1318 2187 521
1354 2142 1426 2208 sqq.

107 2222 295 2291 edocemur
316 2261 360 2273 -
381 2223 444 2291 hac
476 2245 514 2290 re
546 2228 646 2309 gesta
679 2229 772 2292 certe
801 2224 991 2312 puniendus
1022 2231 1108 2293 erat.
1167 2246 1284 2312 nempe
1316 2223 1429 2310 ignem

108 2335 235 2416 aperte
266 2328 431 2396 adversus
460 2327 554 2397 Iovis
586 2328 762 2396 consilium
792 2329 983 2397 hominibus
1016 2329 1129 2414 dedit,
1167 2330 1305 2398 deorum
1335 2328 1428 2415 regis

108 2433 326 2500 voluntatem
358 2430 507 2501 eludens.
552 2432 606 2500 hic
636 2456 703 2500 non
735 2433 832 2502 dolus
864 2440 936 2517 est,
968 2434 1029 2502 sed
1060 2434 1166 2502 nefas.
1211 2439 1323 2502 tamen
1347 2433 1428 2500 Pro·

109 2536 270 2605 matheus
293 2558 358 2603 non
381 2538 530 2625 punitur,
555 2538 615 2606 sed
636 2538 751 2626 pergit
772 2545 891 2626 poeta:
915 2541 1033 2607 αὐτίκα
1054 2539 1084 2605 δ’
1097 2538 1171 2606 ἀντὶ
1194 2541 1300 2625 πυρὸς
1314 2539 1428 2620 τεῦξεν

108 2644 220 2710 κακὸν
235 2642 458 2729 ἀνθρώποισι.
494 2642 614 2711 δδὶδδδ
636 2644 790 2732 sequitur
812 2643 929 2713 fabula
947 2643 1153 2727 ‘Pandorae’‚
1177 2649 1217 2711 ut
1238 2644 1289 2712 ita
1309 2643 1427 2726 dicam,

109 2769 316 2835 quamquam
347 2769 466 2814 nomen
493 2748 530 2814 in
553 2748 748 2835 Theogonia
777 2771 843 2816 non
875 2754 999 2817 exstat.
1056 2771 1123 2838 qua
1153 2753 1271 2817 creata
1302 2755 1428 2837 quanto

111 2851 206 2919 malo
229 2851 379 2919 homines
402 2852 600 2935 afficiantur,
627 2875 746 2921 versus
769 2854 944 2922 teo-612
967 2858 1120 2922 narrant.
1165 2852 1294 2921 nullum
1316 2858 1428 2922 autem

111 2957 257 3024 verbum
279 2956 321 3023 de
338 2956 539 3026 Prometheo
563 2958 687 3026 dicitur
709 2964 847 3046 praeter
868 2981 989 3027 versus
1008 2959 1192 3027 613-616.
1226 2959 1285 3047 qui
1306 2981 1427 3027 versus

113 3084 193 3128 cum
216 3066 335 3149 aperta
357 3060 433 3129 ideo
455 3061 524 3130 ficti
548 3065 628 3147 sint,
657 3070 698 3131 ut
719 3063 870 3131 fabulam
892 3063 1085 3132 Promethei
1108 3063 1318 3146 concludant,
1354 3085 1429 3130 cum

112 3166 273 3234 versibus
303 3165 579 3234 antecedentibus
611 3168 704 3236 nullo
730 3168 861 3236 omnino
892 3169 1081 3237 sententiae
1104 3168 1237 3236 vinculo
1261 3167 1430 3236 coniuncti

112 3276 208 3339 sunt
246 3276 353 3337 totam
371 3293 452 3354 rem,
476 3294 563 3360 quae
581 3272 660 3340 inde
679 3295 700 3340 a
718 3295 821 3341 versu
838 3274 904 3340 570
922 3280 1092 3357 narratur,
1115 3273 1310 3360 neglegunt.
1347 3272 1429 3340 Pro·

112 3374 242 3443 methei
265 3380 377 3444 autem
395 3376 532 3445 fabulae
555 3400 689 3444 sensum
712 3378 796 3446 bene
819 3377 999 3466 explicant,
1024 3401 1097 3446 cum
1113 3378 1216 3446 etiam
1231 3399 1351 3446 versus
1364 3377 1428 3445 522

113 3480 209 3549 ratio
240 3480 409 3549 habeatur
431 3504 534 3550 versu
558 3482 633 3550 616.
679 3489 797 3570 aperte
826 3483 900 3570 ipse
924 3482 1094 3550 Hesiodus
1117 3480 1309 3551 Promethei
1331 3481 1427 3550 iabu-

113 3585 187 3653 lam
209 3584 262 3652 his
285 3585 441 3655 versibus
464 3587 618 3655 concludi
639 3587 759 3655 voluit.
805 3593 843 3655 at
864 3587 941 3676 ipsa
963 3587 1153 3655 Promethei
1175 3586 1293 3654 fabula
1314 3610 1346 3654 v.
1364 3586 1428 3653 569

115 3689 255 3757 minime
277 3696 333 3758 est
354 3691 521 3774 absoluta,
544 3698 585 3758 ut
606 3692 762 3760 vidimus.
800 3714 862 3759 nec
883 3692 919 3758 hi
942 3691 1075 3781 quidem
1098 3713 1217 3759 versus
1228 3689 1429 3777 (613-616)

116 3794 270 3863 fabulam
291 3796 484 3881 terminant,
509 3797 578 3881 sed,
601 3803 641 3864 ut
658 3797 725 3864 iam
741 3795 821 3879 dixi,
844 3797 880 3863 in
895 3796 1090 3864 universum
1106 3818 1178 3864 eam
1194 3794 1428 3862 concludentes

117 3921 255 3968 sensum
277 3899 415 3968 fabulae
442 3900 601 3969 indicant.
647 3902 739 3990 ipsos
771 3901 815 3970 ad
844 3901 993 3968 fabulam
1024 3901 1091 3968 iam
1120 3923 1228 3990 usque
1257 3899 1302 3969 ad
1332 3899 1429 3967 finem

117 4005 314 4092 perductam
346 4010 501 4093 spectare
533 4006 607 4073 luce
638 4005 762 4074 clarius
793 4012 863 4090 est,
895 4027 968 4073 cum
1000 4004 1043 4073 ad
1073 4004 1180 4094 ipsam
1210 4027 1350 4093 poenam
1378 4003 1430 4071 ita

117 4107 253 4178 alludat
281 4115 382 4197 poeta
410 4110 524 4178 verbis
555 4111 601 4188 ὣς
630 4112 692 4178 οὐκ
717 4113 787 4178 ἔστι
809 4113 894 4189 Διὸς
921 4115 1007 4195 aab,
1036 4116 1076 4178 ut
1106 4133 1147 4179 ex
1177 4109 1262 4198 ipsis
1290 4107 1431 4176 Hesiodi

119 4214 235 4282 verbis
257 4235 397 4301 poenam
418 4213 611 4283 Promethei
638 4215 738 4303 paulo
762 4224 842 4283 ante
865 4237 940 4282 eum
962 4237 1122 4284 narrasse
1144 4212 1333 4283 necessario
1355 4233 1430 4279 oon·

119 4317 303 4386 cludamus.
349 4317 464 4406 itaque
494 4324 528 4386 et
557 4319 633 4407 ipsa
659 4320 795 4388 fabulae
821 4320 1019 4388 narratione
1046 4326 1082 4388 et
1102 4319 1257 4387 versibus
1279 4316 1351 4385 illis
1373 4315 1431 4404 qui

119 4423 349 4491 narrationem
372 4422 543 4511 explicant
564 4428 643 4510 post
665 4446 799 4492 versum
814 4425 879 4492 569
900 4447 1022 4493 versus
1045 4424 1176 4514 aliquot
1197 4420 1431 4509 significantur

119 4549 208 4595 nunc
237 4527 380 4615 perditi,
414 4528 535 4616 quibus
568 4550 633 4617 qua
663 4550 771 4616 poena
800 4528 958 4617 Iuppiter
984 4528 1220 4596 Prometheum
1249 4525 1429 4608 affecisset,

121 4638 296 4701 narratum
316 4639 393 4700 erat
410 4633 466 4701 vel
485 4633 528 4702 ad
547 4655 619 4700 rem
633 4634 790 4700 versibus
809 4633 872 4700 521
889 4656 939 4722 sq.
955 4640 1129 4702 narratam
1152 4631 1325 4699 auditores
1348 4630 1431 4698 rele-

121 4737 465 4824 gabuntur-etiam
477 4737 619 4806 alteram
631 4737 876 4806 conclusionem
887 4760 1007 4806 versus
1016 4738 1190 4807 ele-616
1202 4735 1431 4826 suppeditant.

214 4879 241 4948 1)
260 4876 301 4932 Gi.
320 4877 402 4946 weil,
422 4876 518 4933 etudes
538 4893 587 4933 sur
604 4878 631 4933 le
649 4876 743 4934 mame
761 4877 881 4947 antique,
904 4893 949 4947 pg.
969 4879 1012 4932 69.

213 4967 242 5038 2)
262 4965 303 5022 cf.
322 4965 425 5024 Rankii
442 4965 514 5023 stud
532 4967 597 5024 Hes.
617 4982 662 5038 pg.
683 4967 724 5022 la
