3659 5509
1026 410 1068 479 12

393 603 479 692 πέδη
501 605 556 676 vel
578 605 786 694 ἀλυκτοπέδη
820 611 896 676 arte
927 611 981 674 est
1009 605 1187 675 coniuncta
1209 627 1280 676 oum
1304 628 1385 676 voce
1407 608 1542 692 δεσμός,
1572 604 1617 675 ad
1638 605 1712 676 He·

393 711 482 779 siodi
512 711 698 801 exemplum
728 711 859 781 factum
893 734 968 780 esse
998 710 1144 794 videtur,
1178 733 1376 802 quamquam
1407 712 1497 801 apud
1519 710 1710 781 Hesiodum

393 816 460 884 alio
490 817 586 884 modo
617 817 680 884 hue
712 840 812 885 voces
844 822 926 885 suut
954 818 1159 885 coniunctae.
1206 823 1241 885 et
1271 820 1395 885 norunt
1421 817 1554 906 quidem
1584 823 1712 906 poetae

393 923 602 1009 posteriores
639 923 778 990 verbum
815 920 1024 1007 ἀλυκτοπέδη
1067 928 1159 990 certe
1196 926 1330 989 tantum
1368 945 1409 990 ex
1442 922 1585 990 Hesiodi
1621 923 1711 991 loco.

390 1031 533 1115 praeter
556 1027 646 1095 locos
668 1027 736 1095 iarn
758 1026 883 1094 allatos
907 1031 1022 1094 exstat
1038 1048 1104 1093 vox
1127 1026 1216 1111 apud
1231 1027 1448 1115 Apollonium
1464 1027 1634 1095 Rhodium
1658 1027 1711 1112 (Π

393 1132 559 1217 11249),
592 1132 713 1200 deinde
743 1131 834 1220 apud
865 1130 1316 1219 Τ1γμ111111111111(ν.480),
1350 1154 1451 1220 saepe
1482 1133 1585 1201 etiarn
1616 1133 1711 1221 apud

396 1236 561 1321 Nonnum‚
606 1237 749 1326 aliisque
789 1236 874 1304 locis
920 1235 1145 1323 anthologiae.
1223 1236 1300 1304 hinc
1336 1238 1475 1304 verbum
1518 1237 1554 1304 in
1598 1239 1710 1305 usita-

395 1341 538 1410 tissimis
570 1363 637 1409 non
665 1341 772 1409 fnisse
804 1345 949 1430 apparet
977 1363 1084 1430 neque
1114 1341 1274 1408 miramur
1303 1342 1390 1431 quod
1418 1342 1588 1410 Hesiodus
1619 1343 1712 1410 sicut

394 1447 588 1535 Aeschylus
618 1455 653 1516 et
682 1447 898 1534 anthologiae
929 1452 1050 1534 poetae
1084 1485 1119 1494 -
1151 1453 1242 1514 certe
1275 1445 1509 1535 explicationis
1539 1469 1643 1515 causa
1664 1486 1710 1497 —

396 1554 500 1621 verba
516 1556 652 1639 δεσμοῖς
674 1551 851 1639 ἀργαλέοις
873 1551 1046 1619 adiecerit.
1085 1550 1303 1637 ἀλυκτοπέδη,
1326 1558 1366 1618 ut
1380 1554 1431 1620 its
1447 1553 1564 1637 dicam,
1589 1575 1710 1619 nomen

392 1658 565 1746 proprium
587 1657 724 1726 videtur
748 1679 822 1724 esse
846 1655 1056 1723 vinculorum
1079 1678 1164 1743 qnae
1187 1657 1353 1744 perfringi
1376 1680 1442 1724 non
1457 1663 1602 1746 possunt
1625 1659 1708 1742 (τῶν

395 1765 528 1848 δεσμῶν
542 1762 736 1849 ἀργαλέων),
762 1762 815 1829 cui
838 1762 920 1829 haec
940 1762 1045 1828 verba
1064 1761 1147 1828 bene
1167 1761 1369 1829 adiciuntur.
1385 1801 1427 1811 —
1446 1762 1573 1831 nullius
1594 1769 1710 1830 autern

393 1869 552 1935 momenti
575 1873 656 1936 suut
677 1874 887 1954 argumenta,
917 1866 1038 1954 quihus
1056 1866 1098 1932 H.
1114 1865 1319 1934 Schmidtius
1339 1867 1374 1952 (1.
1391 1867 1414 1934 l.
1431 1868 1577 1956 pg.128)
1601 1868 1710 1934 inter-

392 1973 619 2061 pretationem
653 1995 752 2062 quam
788 1971 917 2061 protuli
951 1971 1102 2038 refutare
1136 1970 1201 2038 sibi
1234 1970 1381 2039 videtur.
1438 1972 1582 2060 primum
1618 1972 1707 2039 enim

392 2077 628 2147 Prometheum
657 2078 752 2166 prius
775 2076 987 2144 vinciendum
1017 2075 1124 2143 fuisse
1147 2075 1323 2144 contendit
1346 2100 1445 2165 quam
1468 2077 1622 2144 columna
1643 2099 1707 2165 per

394 2205 468 2251 eum
502 2183 708 2269 adigeretur.
771 2181 916 2249 vinculis
951 2181 1039 2249 enim
1071 2179 1306 2248 Prometheum
1340 2181 1510 2269 prohiberi
1545 2182 1630 2249 dicit
1665 2204 1709 2249 ne

394 2309 515 2376 corpus
548 2291 715 2371 moveret,
749 2287 800 2354 111
834 2291 874 2353 11
908 2285 1062 2353 columna
1094 2307 1155 2373 per
1187 2308 1308 2373 corpus
1342 2293 1481 2375 peracta
1512 2287 1619 2354 maior
1652 2286 1709 2356 vel

394 2415 522 2461 summa
544 2415 654 2481 poena
676 2393 731 2460 sit.
764 2390 853 2480 quod
875 2390 963 2458 unde
986 2389 1192 2458 Schmidtins
1215 2391 1419 2459 concluserit
1440 2393 1563 2459 nescio.
1610 2399 1707 2459 errat

397 2504 511 2566 autem
543 2498 579 2565 in
610 2520 666 2582 11,
705 2498 793 2586 quod
827 2495 963 2564 vincula
995 2497 1104 2562 minus
1136 2495 1304 2564 crudelem
1335 2520 1476 2585 poenam
1507 2520 1582 2565 esse
1613 2497 1708 2579 dicit,

390 2610 468 2671 'cum
509 2604 584 2692 ipsa
624 2603 836 2671 brachiorum
871 2601 1023 2669 extensio
1055 2601 1142 2668 satis
1174 2624 1295 2688 magns
1325 2624 1433 2690 poene
1465 2604 1521 2669 sit.
1577 2601 1708 2690 triplici

398 2731 506 2797 poena
529 2708 675 2776 afficitur
696 2707 915 2776 Prometheus
940 2713 975 2773 et
997 2705 1087 2794 apud
1110 2705 1293 2772 Hesiodum
1320 2714 1355 2774 et
1376 2707 1466 2794 apud
1490 2707 1706 2795 Aeschylum.

397 2813 487 2902 quod
519 2837 575 2897 ea,
607 2836 706 2902 quam
729 2811 936 2880 Schmidtius
958 2812 1117 2878 maiorem
1147 2820 1248 2900 atque
1272 2811 1492 2880 crudeliorem
1515 2835 1590 2880 esso
1614 2812 1707 2893 dicit,

397 2919 578 3007 participio
598 2940 759 3007 expressa
775 2925 838 3002 est,
851 2917 970 2984 mirum
993 2938 1059 2982 nnn
1082 2914 1218 2982 videtur
1240 2939 1411 2998 esserum
1433 2940 1546 3006 perse
1569 2917 1707 2984 minoris

398 3025 557 3091 momenti
580 3048 645 3091 nou
669 3046 743 3091 esse
766 3023 936 3091 videatur.
978 3028 1125 3089 ceterum
1148 3021 1210 3088 hoc
1232 3020 1409 3088 Schmidtii
1431 3028 1665 3109 argumentum
1688 3045 1708 3089 1

398 3128 677 3216 Furtwaenglero
700 3128 785 3214 (1.1.)
809 3128 876 3195 ism
904 3127 1130 3214 improbatum
1158 3133 1220 3208 est,
1254 3127 1310 3215 qui
1335 3150 1400 3216 qua
1424 3128 1464 3194 de
1487 3150 1589 3196 eausa
1609 3132 1708 3217 poeta

396 3234 483 3300 hunc
513 3255 694 3321 poenarum
725 3232 875 3300 ordinem
903 3230 1097 3318 sumpserit,
1128 3230 1211 3297 hene
1241 3231 1397 3320 explicat.
1444 3232 1598 3299 consulto
1621 3231 1707 3299 enim

395 3339 646 3426 percussionem
670 3338 721 3405 ita
745 3336 994 3405 commemorari
1022 3334 1113 3416 dicit,
1137 3336 1327 3402 utvinculs
1350 3336 1471 3425 quibus
1487 3337 1706 3404 Prometheus

395 3442 566 3510 vinciatur
599 3443 718 3509 summi
748 3441 908 3509 momenti
940 3463 1014 3508 esse
1048 3438 1248 3524 videantur,
1284 3463 1351 3529 qua
1383 3442 1546 3510 narrandi
1576 3443 1705 3509 ratione

397 3545 571 3628 efficiatur,
603 3551 643 3613 ut
665 3545 833 3614 crudelior
856 3568 911 3612 res
923 3596 930 3628 ,
965 3567 985 3611 a
1007 3567 1074 3633 qus
1097 3543 1242 3611 mitioris
1266 3546 1391 3613 aetatis
1414 3545 1563 3615 homines
1586 3546 1707 3613 abhor-

397 3654 511 3733 reant,
535 3651 644 3718 minus
668 3651 829 3718 distincte
852 3649 1071 3736 significetur.
1115 3656 1274 3736 praetera
1303 3651 1387 3717 bene
1414 3651 1561 3719 fortasse
1592 3674 1706 3718 moneo

397 3756 499 3823 etiam
522 3755 703 3824 Homerum
733 3757 868 3845 saepius
892 3755 1042 3821 ordinem
1065 3775 1178 3820 rerum
1205 3753 1391 3839 invertere,
1423 3756 1457 3822 id
1481 3756 1570 3844 quod
1591 3778 1632 3823 ne
1655 3762 1707 3823 est

399 3858 533 3949 quidem
562 3882 583 3927 a
614 3882 765 3928 sermone
796 3860 889 3948 epico
917 3860 1072 3926 alienum.
1119 3859 1271 3940 ‘prorsus'
1296 3866 1408 3926 autem
1437 3866 1467 3927 ‘a
1488 3861 1706 3928 musuetudine

395 3965 550 4031 sermonis
589 3972 682 4049 utque
721 3971 803 4032 recto
833 3966 961 4031 dicendi
995 3985 1107 4048 percus
1140 3963 1311 4048 ahhorret',
1347 3965 1458 4053 inquit
1491 3964 1704 4046 Schmidtius‚

397 4070 571 4136 ‘vadorum
603 4091 755 4136 concrum
787 4071 834 4136 tto
857 4067 1047 4134 dicturburc'
1080 4072 1118 4132 ut
1156 4067 1201 4134 ad
1235 4067 1339 4153 μέσον
1377 4071 1444 4150 διὰ,
1479 4092 1565 4157 quae
1606 4070 1707 4137 verba

399 4173 586 4242 certissime
610 4196 683 4241 eum
704 4178 801 4240 κίονα
824 4174 1037 4256 cohaereant,
1061 4170 1214 4259 suppleri
1236 4172 1347 4260 possit
1369 4173 1565 4259 Προμηθέα.
1604 4174 1706 4240 multo

398 4284 513 4347 autem
547 4279 654 4347 maior
691 4284 745 4346 est
779 4277 961 4345 difficultas
999 4299 1049 4343 me
1084 4276 1217 4363 quidem
1254 4277 1381 4363 iudice,
1424 4302 1498 4346 cum
1533 4278 1707 4346 accusitivi

401 4385 589 4470 Προμηθέα
622 4390 658 4451 11
685 4383 790 4469 μέσον
812 4382 870 4471 qui
901 4380 1061 4449 facillime
1095 4382 1185 4447 inter
1217 4404 1253 4447 se
1285 4383 1534 4470 coniunguntur
1565 4388 1705 4466 exstent,

398 4487 492 4556 aliud
514 4487 603 4577 quod
627 4487 768 4555 dicimus
791 4487 957 4555 obiectum
990 4485 1147 4573 supplere
1170 4508 1188 4553 e
1211 4488 1326 4555 verbis
1349 4489 1485 4575 δεσμοῖς
1507 4488 1704 4574 ἀργαλέοισι.

398 4592 562 4681 quomodo
594 4597 706 4660 autem
737 4592 842 4660 verba
878 4593 1015 4676 δεσμοῖς
1042 4588 1234 4675 ἀργαλέοισι
1259 4592 1401 4671 ἐλάσσας
1435 4592 1525 4660 inter
1562 4614 1599 4660 se
1637 4614 1706 4659 con·
1818 4579 1819 4616 ³

398 4703 522 4779 iuncta,
557 4696 593 4765 id
621 4697 712 4784 quod
734 4696 894 4785 Meyerus
927 4694 1012 4778 vult,
1049 4716 1166 4761 sanum
1201 4718 1335 4764 sensum
1368 4699 1555 4785 praebeant
1587 4697 1705 4764 nescio.

397 4799 543 4869 vinculis
579 4800 665 4867 enim
697 4801 845 4868 vincitur
877 4798 1017 4887 aliquis,
1062 4798 1147 4864 nihil
1185 4805 1297 4867 autem
1328 4801 1472 4869 vinculis
1503 4801 1624 4890 perfigi
1656 4800 1705 4868 vel

397 4904 545 4992 transigi
577 4910 703 4994 potest.
749 4905 891 4995 deniqne
924 4926 966 4971 ne
997 4903 1099 4970 verbo
1123 4903 1254 4991 quidem
1278 4927 1362 4994 opus
1385 4912 1454 4992 est,
1489 4914 1530 4974 ut
1555 4905 1705 4974 ultimum
