3659 5509
986 443 1029 514 28

351 616 474 708 quibus
505 616 617 705 ignem
649 616 743 686 dedit
768 615 1007 704 Prometheus,
1040 618 1228 688 minitatur.
1285 623 1508 710 ‘quamquam
1542 618 1662 709 iuquit,

351 722 533 812 prudentia
565 746 679 792 omnes
710 746 852 813 superas
882 725 940 794 vel
972 747 1132 814 superare
1161 725 1227 793 tibi
1257 725 1400 812 videris,
1434 725 1666 816 imprudenter

352 829 463 916 iguem
485 830 621 898 furatus
646 853 691 898 es.
730 831 792 899 hoc
814 830 902 898 enim
925 830 1057 899 facinus
1080 837 1116 899 et
1139 831 1205 899 tibi
1228 837 1264 899 et
1281 832 1367 899 viris
1384 834 1527 900 maximo
1544 832 1664 901 damno

353 936 440 1002 erit'.
486 934 680 1003 Promethei
702 936 904 1023 supplicium
927 936 1097 1004 indicatur
1119 941 1271 1005 tantum:
1302 960 1367 1025 quo
1389 939 1486 1005 modo
1508 937 1666 1027 Iuppiter

351 1063 426 1108 eum
452 1042 607 1129 punisset
637 1064 778 1110 narrare
807 1042 906 1109 huius
933 1042 999 1109 loci
1021 1064 1087 1109 non
1111 1047 1195 1110 erat.
1242 1044 1330 1131 quod
1354 1050 1467 1111 autem
1488 1043 1573 1112 viris
1596 1067 1665 1111 mu·

349 1145 419 1212 lum
443 1146 574 1213 dederit
594 1145 760 1235 Iuppiter,
784 1151 886 1235 poeta
909 1147 1005 1234 large
1029 1146 1175 1235 exponit.
1215 1148 1349 1216 ‘malum
1373 1149 1422 1216 eis
1445 1148 1549 1231 dabit,
1573 1148 1664 1237 quod

351 1273 464 1318 omnes
495 1252 673 1335 amabunt,
711 1275 910 1340 quamquam
939 1252 1014 1341 ipso
1037 1252 1098 1320 hoo
1120 1275 1232 1320 amore
1254 1253 1362 1321 vitam
1392 1276 1486 1321 suem
1508 1253 1663 1343 perdent’

350 1357 396 1442 (v.
413 1356 514 1443 5718).
553 1358 711 1445 quidnam
734 1356 865 1425 sithoc
887 1359 1021 1440 malum,
1046 1358 1265 1447 sequentibus
1288 1359 1407 1426 statim
1426 1359 1582 1427 versibus
1606 1382 1663 1426 ex-

351 1461 497 1547 ponitur.
533 1460 722 1529 Vulcanum
744 1462 831 1530 enim
851 1463 1024 1531 mulierem
1039 1463 1167 1549 fingere
1182 1464 1339 1552 Iuppiter
1358 1464 1453 1532 iubet
1468 1489 1521 1532 vv.
1534 1465 1578 1532 60
1590 1487 1664 1552 sqq.

349 1570 451 1654 atque
469 1589 584 1634 veram
601 1567 773 1635 mulierem
794 1590 983 1656 essequam
997 1569 1126 1655 fingere
1146 1570 1281 1637 iubetur
1297 1568 1471 1638 Vulcanus
1488 1570 1524 1637 in
1539 1576 1661 1658 aperto

349 1676 412 1737 est.
448 1693 553 1760 neque
576 1673 664 1740 enim
685 1672 828 1759 figuram
845 1677 980 1740 tantum
1003 1697 1021 1741 e
1044 1674 1116 1741 luto
1133 1678 1169 1742 et
1184 1697 1273 1762 aqua
1287 1675 1414 1761 fingere
1429 1675 1575 1759 iubetur,
1601 1673 1663 1742 scd

349 1775 479 1861 figurae
498 1777 599 1844 etiam
616 1799 731 1844 vocem
752 1777 808 1844 vel
830 1778 990 1867 loquendi
1008 1779 1208 1847 facultatem
1226 1780 1351 1847 indere.
1387 1802 1464 1847 nam
1479 1802 1540 1869 per
1554 1780 1663 1848 verba

351 1880 388 1947 ἐν
403 1882 434 1947 θ’
447 1882 632 1967 ἀνθρώπου
646 1882 753 1968 θέμεν
766 1884 876 1968 αὐδὴν
889 1883 893 1970 l
907 1883 963 1950 καὶ
978 1883 1103 1962 σθένος
1118 1884 1276 1951 dubitare
1291 1884 1463 1969 nonlicet,
1483 1886 1564 1974 quin
1579 1906 1665 1952 vera

351 1986 472 2053 mulier
502 1987 549 2053 sit
578 2010 666 2055 nova
695 1995 867 2056 creatura:
902 1988 940 2054 id
966 1989 1054 2077 quod
1083 1989 1236 2056 consulto
1259 2011 1386 2057 moneo.
1432 1990 1535 2058 simili
1564 1991 1664 2057 modo

352 2090 519 2158 Homerus
538 2090 684 2159 Vulcani
707 2093 859 2176 ancillas,
884 2115 967 2182 quas
990 2093 1056 2160 sibi
1077 2093 1151 2181 ipse
1175 2094 1312 2174 effinxit,
1336 2116 1418 2163 vere
1439 2095 1556 2163 vivere
1579 2094 1666 2162 dicit

351 2196 482 2263 verbis:
515 2206 574 2283 τῇς
605 2197 642 2263 ἐν
670 2196 731 2282 μὲν
760 2201 840 2276 νόος
869 2198 938 2265 ἐστὶ
967 2201 1048 2285 μετὰ
1077 2199 1209 2286 φρεσὶν,
1242 2199 1279 2266 ἐν
1308 2198 1346 2266 dh
1375 2199 1431 2267 καὶ
1461 2201 1548 2286 αὐδὴ
1575 2201 1580 2287 Ι
1606 2200 1664 2266 καὶ

352 2300 487 2385 σθένος,
510 2301 690 2368 ἀθανάτων
712 2300 750 2369 dh
772 2309 864 2369 θεῶν
887 2305 953 2370 ἄπο
975 2306 1056 2388 ἔργα
1080 2310 1193 2371 ἴσασιν
1215 2307 1265 2387 (Σ
1276 2304 1425 2390 419120).
1461 2305 1518 2393 qui
1541 2327 1663 2372 versus

349 2411 467 2493 aperte
498 2405 541 2472 ad
568 2406 709 2472 Hesiodi
741 2407 926 2495 exemplum
958 2407 1089 2474 inventi
1121 2415 1216 2493 sunt,
1250 2409 1286 2476 id
1316 2409 1404 2497 quod
1433 2410 1616 2497 praecipue
1644 2433 1665 2477 e

348 2510 465 2578 verbis
491 2511 671 2577 ἀθανάτων
698 2511 735 2578 dl
762 2519 855 2579 θεῶν
881 2514 947 2580 ἄπο
974 2515 1055 2597 ἔργα
1083 2519 1195 2579 ἴσασιν
1223 2513 1424 2600 intellegere
1453 2514 1535 2581 licet
1565 2536 1662 2602 quae,

349 2638 423 2682 eum
447 2614 623 2682 ‘Pandora’
650 2617 774 2704 optime
798 2617 915 2684 divina
937 2621 1018 2703 ἔργα
1040 2617 1177 2685 novisse
1200 2618 1344 2700 dicatur,
1369 2619 1457 2706 apud
1480 2618 1664 2686 Homerum

348 2720 458 2787 minus
473 2721 555 2787 bene
571 2742 643 2787 cum
659 2721 938 2788 antecedentibus
954 2728 1085 2806 coeunt,
1103 2723 1170 2790 etsi
1185 2722 1293 2789 simile
1309 2721 1350 2789 de
1367 2722 1511 2790 Vulcani
1527 2724 1662 2791 ancillis

351 2824 417 2892 dici
441 2825 601 2913 oportuit.
616 2865 657 2874 -
678 2825 782 2894 etiam
801 2827 1086 2914 pulchritudinem
1105 2833 1204 2895 curat
1217 2827 1382 2916 Iuppiter.
1416 2828 1555 2895 dearum
1575 2829 1661 2896 enim

348 2928 586 2997 immortalium
605 2930 809 2998 simillimam
823 2930 897 2999 fieri
913 2932 989 2998 vult
1004 2931 1159 3017 ‘virginis
1174 2932 1351 3000 iucundam
1368 2932 1521 3021 speciem’
1536 2934 1581 3020 (v.
1595 2935 1660 3021 63).

348 3056 455 3123 neque
477 3035 584 3121 igitur
606 3035 788 3120 mulierem,
813 3035 882 3118 sed,
906 3036 943 3103 id
964 3036 1053 3126 quod
1076 3059 1143 3103 non
1166 3036 1371 3120 mirabimur,
1394 3036 1561 3124 virginem
1586 3060 1660 3107 esse

350 3163 470 3207 novam
494 3146 685 3208 creaturam
712 3141 796 3208 dicit
811 3148 934 3230 'poeta
980 3164 1079 3230 quam
1108 3149 1265 3210 accurate
1293 3148 1402 3210 totam
1433 3165 1503 3211 rem
1533 3147 1663 3212 tractet

348 3245 466 3313 videas
488 3268 622 3334 quaeso.
667 3246 822 3314 Minerva
844 3246 1024 3314 muliebria
1046 3250 1127 3332 ἔργα
1150 3269 1222 3314 eam
1246 3247 1354 3332 docet,
1387 3269 1472 3336 quae
1494 3247 1562 3336 ipsi
1584 3269 1662 3336 pro·

347 3351 426 3438 pris
456 3358 546 3419 sunt.
591 3351 716 3439 optime
748 3351 810 3419 hoo
840 3351 1012 3419 Minervae
1043 3352 1241 3440 imperatur.
1287 3375 1404 3440 nempe
1434 3358 1488 3421 cst
1515 3354 1663 3421 ‘Athena

349 3455 506 3540 Eugane’,
530 3478 616 3543 quae
639 3454 770 3522 omnino
793 3456 935 3524 feminas
959 3459 1054 3525 ἰστὸν
1075 3458 1236 3542 ὑφαίνειν
1257 3456 1354 3524 docet
1377 3457 1433 3543 (cf.
1449 3458 1562 3546 hymn.
1575 3457 1661 3526 hom.

351 3559 551 3648 Ven.4sq.).
589 3582 629 3627 ca
645 3566 699 3627 est
712 3559 876 3642 Minerva,
902 3561 955 3628 cui
978 3584 1080 3649 saepe
1102 3562 1138 3627 in
1160 3561 1305 3649 picturis
1327 3562 1424 3629 fucus
1447 3562 1661 3631 attribuitur.

351 3664 455 3732 etiam
478 3664 661 3745 Homerus,
696 3688 781 3754 quae
809 3665 968 3733 mulieres
998 3665 1143 3745 faciunt,
1177 3669 1258 3751 ἔργα
1276 3666 1455 3752 Ἀθηναίης
1481 3689 1556 3734 csse
1579 3668 1663 3734 dicit

351 3770 407 3855 (ci.
428 3772 456 3837 Ἰ
473 3771 548 3855 390,
570 3796 591 3856 η
615 3771 688 3854 110,
712 3797 734 3837 υ
756 3771 822 3858 72).
867 3770 986 3840 videas
1009 3793 1133 3861 quaeso
1156 3793 1255 3860 quam
1283 3771 1496 3841 considerate
1523 3772 1578 3839 hic
1599 3771 1661 3839 Mi-

350 3898 455 3943 nerva
479 3875 632 3943 Vulcano
654 3875 806 3943 adiutrix
831 3875 940 3943 detur.
986 3899 1093 3964 neque
1117 3875 1203 3944 male
1226 3876 1276 3943 eis
1300 3876 1516 3963 subiungitur
1531 3876 1662 3958 Venus,

352 4003 438 4070 quae
459 4003 526 4046 non
549 3979 657 4046 solum
679 3979 784 4068 capiti
799 3980 860 4046 dat
874 3985 1099 4065 venustatem,
1123 3980 1183 4047 sed
1199 3979 1302 4047 etiam
1318 3981 1443 4048 amoris
1459 3978 1663 4049 desiderium

351 4093 386 4153 et
409 4107 506 4154 curas
529 4084 565 4150 in
582 4089 700 4172 pectus
717 4084 876 4152 infundit.
915 4085 1008 4154 aliud
1029 4086 1116 4153 enim
1135 4085 1197 4152 dat
1214 4085 1395 4168 Vulcanus,
1420 4084 1514 4153 aliud
1528 4083 1660 4153 Venus:

349 4190 537 4274 Vulcanus,
571 4189 628 4278 qui
651 4194 759 4257 totum
782 4212 903 4278 corpus
926 4189 1070 4277 virginis
1093 4189 1206 4278 fingit,
1241 4190 1276 4257 in
1299 4191 1494 4258 universum
1515 4191 1662 4278 pulchri·

350 4295 501 4362 tudinem
523 4293 671 4362 divinam
694 4295 725 4362 ei
748 4294 818 4377 dat,
842 4294 931 4361 sicut
952 4295 1129 4379 Homerus,
1156 4300 1197 4361 ut
1218 4294 1370 4364 Helenae
1392 4294 1449 4363 vel
1471 4294 1662 4363 Nausicaaa

349 4399 633 4487 pulchritudinem
656 4399 814 4480 celebret,
839 4398 978 4466 dearum
998 4399 1239 4468 immortalium
1261 4421 1319 4468 eas
1338 4398 1467 4467 similes
1486 4421 1561 4467 esse
1579 4399 1663 4468 dicit

350 4506 396 4589 (Γ
414 4504 486 4586 158,
512 4505 643 4590 c457).
681 4503 798 4572 Venus
822 4508 935 4570 autem
958 4505 1085 4590 virgini
1107 4527 1172 4572 non
1195 4504 1256 4572 dat
1278 4503 1571 4592 pulchritudinem,
1595 4527 1664 4593 qua

352 4609 420 4676 iam
442 4608 600 4696 praedita
623 4613 689 4689 est,
720 4607 780 4674 sed
803 4608 965 4693 gratiam,
998 4609 1120 4677 amoris
1144 4609 1347 4677 desiderium
1370 4615 1405 4677 ct
1427 4632 1535 4678 curas.
1581 4608 1664 4697 quid

353 4719 465 4781 autem
498 4712 581 4781 haec
612 4713 700 4780 dona
731 4711 941 4799 significent,
976 4735 1060 4800 quae
1092 4713 1166 4782 sola
1195 4714 1312 4782 Venus
1345 4714 1428 4784 dare
1460 4720 1576 4803 potest
1608 4716 1664 4783 eui

347 4817 486 4907 propria
518 4823 615 4902 sunt,
649 4817 797 4885 Homero
827 4816 953 4886 iterum
985 4818 1109 4886 collato
1140 4818 1332 4905 intelleges.
1382 4819 1431 4887 sic
1460 4819 1549 4887 enim
1577 4820 1663 4890 Iuno

350 4922 548 5015 adloquitur
570 4922 738 4991 Venerem
761 4922 805 5011 (Ξ
825 4923 919 5010 198);
