3659 5509
753 452 795 519 19

101 648 221 714 quam
243 628 343 714 fingit
372 628 509 695 fabulae
537 628 773 696 recensionem.
829 629 976 713 exstitit,
1008 628 1128 718 inquit,
1161 628 1272 696 altera
1302 652 1432 718 quoque

101 732 258 800 fabulae
281 733 429 800 recensio
438 732 463 819 ¹)
488 733 543 800 vel
565 733 682 816 forma,
720 756 786 822 qua
808 733 964 822 Iuppiter
987 757 1066 802 vere
1089 734 1199 821 decipi
1221 739 1430 802 narraretur.

102 836 174 904 sed
201 844 281 905 tota
303 837 418 904 fabula
446 859 484 904 eo
509 843 659 925 spectat,
693 843 733 905 ut
753 838 908 926 Iuppiter
937 839 1158 927 principalem
1179 839 1277 905 bovis
1299 844 1431 926 partem

104 964 253 1010 sumere
286 943 442 1030 opinatus
473 942 596 1009 malam
627 947 759 1031 partem
793 949 922 1010 sumat:
956 967 999 1011 an
1031 945 1167 1010 dubium
1199 966 1274 1011 esse
1304 950 1430 1033 potest,

101 1047 196 1135 quin
214 1047 372 1136 Iuppiter
393 1047 553 1135 optimam
576 1048 673 1115 bovis
696 1054 827 1136 partem
851 1048 903 1115 dis
923 1048 1089 1116 immolari
1109 1048 1299 1136 cupiverit?
1332 1049 1425 1115 nullo

99 1152 226 1238 igitur
256 1153 353 1220 modo
384 1152 458 1219 fieri
489 1152 618 1240 potuit,
653 1158 693 1220 ut
724 1176 852 1221 summa
883 1153 1019 1221 fabulae
1050 1176 1106 1220 res
1140 1154 1182 1221 ab
1214 1153 1292 1221 aliis
1326 1154 1429 1221 aliter

97 1264 326 1325 narraretur.
365 1256 538 1346 Gruppius
561 1263 674 1325 autem
697 1258 789 1345 ipsos
812 1281 933 1326 versus
957 1260 1057 1339 stola
1080 1260 1168 1326 omni
1191 1282 1293 1326 sensu
1315 1280 1430 1326 carere

99 1362 198 1430 dicit
229 1369 331 1451 atque
362 1362 398 1428 in
428 1362 659 1431 malivolentia
681 1363 775 1430 Iovis
805 1363 839 1429 in
869 1363 1018 1430 homines
1041 1363 1193 1431 offendit.
1239 1364 1337 1431 immo
1360 1364 1430 1452 ipsi

100 1466 326 1549 Prometheo,
361 1468 419 1556 qui
451 1467 631 1556 prudentia
664 1490 738 1535 eum
771 1470 959 1557 superavit,
998 1469 1114 1536 Iovem
1145 1469 1248 1536 irasci
1279 1469 1426 1555 flagitat,

100 1595 177 1639 non
204 1572 393 1640 hominibus
416 1573 474 1660 qui
501 1573 585 1640 nihil
614 1573 648 1639 in
672 1595 746 1639 eum
768 1574 992 1661 peccaverint.
1038 1597 1105 1663 qua
1127 1573 1169 1640 de
1191 1596 1294 1641 causa
1316 1574 1428 1641 virum

102 1678 252 1745 doctum
283 1678 345 1745 hac
374 1678 408 1744 in
440 1700 477 1745 re
505 1700 619 1745 errare
643 1677 807 1762 judicem,
841 1686 879 1745 ut
905 1680 967 1745 hoo
990 1678 1096 1746 dicam
1119 1679 1210 1745 infra
1232 1679 1326 1745 locus
1350 1680 1427 1745 erit.

101 1783 171 1850 sed
205 1783 308 1850 etiam
331 1771 503 1850 Prellerus
530 1784 649 1871 (myth.
673 1807 724 1870 gr.
746 1783 784 1849 1¹
808 1784 920 1868 73s74)
952 1784 1180 1851 etRcbertus
1204 1783 1239 1868 (l.
1263 1783 1346 1850 l.1⁴
1371 1784 1427 1869 95)

106 1888 225 1955 verba
248 1889 331 1954 κακὰ
350 1889 378 1954 δ’
396 1890 513 1957 ὄσσετο
532 1896 632 1977 θυμῷ
648 1896 788 1974 θνητοῖς
806 1889 1017 1974 ἀνθρώποισι
1040 1889 1128 1956 falso
1146 1888 1428 1976 interpretantur.

101 1993 285 2062 coniciunt
314 1992 401 2060 enim
429 2015 470 2059 cx
502 1993 550 2061 eie
574 1994 691 2061 Iovem
720 1995 787 2061 iam
819 1999 897 2060 ante
920 1992 1112 2060 Promethei
1142 1993 1296 2061 fraudem
1325 1995 1426 2062 male·

103 2098 286 2165 volentem
306 2097 413 2164 fuisse
436 2120 518 2184 erga
540 2098 698 2165 homines.
752 2105 790 2166 at
818 2099 879 2165 hoe
907 2098 1014 2165 solum
1037 2098 1154 2165 dicunt
1183 2099 1305 2166 verba:
1337 2099 1428 2167 mala

101 2203 303 2270 hominibus
326 2202 444 2269 futura
468 2202 645 2271 divinabat
666 2203 833 2290 Iuppiter,
863 2224 950 2291 quae
973 2225 1077 2292 usque
1101 2203 1144 2270 ad
1166 2203 1266 2270 finem
1286 2226 1426 2291 perven-

103 2315 194 2375 tura
228 2312 335 2376 erant.
391 2315 483 2375 recte
514 2307 622 2394 igitur
650 2307 897 2375 Schoemannus
929 2307 965 2388 (l.
988 2308 1012 2374 1.
1039 2331 1095 2396 pg.
1118 2309 1218 2392 2081)
1249 2309 1315 2375 iam
1347 2315 1426 2376 ante

106 2411 310 2480 Promethei
349 2413 502 2480 fraudem
539 2414 665 2480 iratum
710 2435 792 2499 erga
833 2412 984 2479 homines
1017 2413 1124 2480 fuisse
1160 2413 1274 2480 Iovem
1311 2418 1426 2499 negat.

103 2518 212 2585 immo
248 2541 289 2585 ex
325 2517 401 2606 ipsa
436 2518 554 2585 fraude
588 2518 780 2586 Promethei
814 2519 917 2585 etiam
952 2517 1141 2585 hominibus
1174 2518 1263 2587 mala
1295 2519 1426 2586 oritura

106 2645 189 2691 esse
211 2623 328 2691 Iovem
349 2622 465 2691 videre
486 2623 642 2690 versibus
664 2623 766 2708 55112
788 2622 953 2690 docemur.

204 2745 299 2829 Quae
333 2751 445 2814 autem
479 2746 550 2813 sint
582 2746 687 2830 mala,
726 2767 810 2834 quae
844 2746 1070 2835 interpolator
1106 2746 1173 2813 iam
1208 2744 1424 2832 significavit,

107 2850 286 2918 Hesiodus
309 2851 425 2919 statim
448 2857 527 2939 post
548 2875 580 2919 v.
604 2852 705 2932 55617
727 2858 855 2918 narrat.

200 2972 409 3061 Quamquam
433 2974 521 3040 enim
542 2997 597 3041 vv.
613 2974 713 3058 55617
723 2972 907 3041 absolvunt
930 2973 1043 3061 aliquo
1060 2971 1159 3039 modo
1174 2972 1425 3060 terminantque

105 3078 344 3145 narrationem
356 3079 616 3161 antecedentem,
631 3079 707 3166 ipsa
719 3079 870 3146 narratio
882 3078 933 3145 ita
947 3083 1000 3144 est
1011 3078 1208 3160 constituta,
1222 3082 1260 3144 nt
1274 3076 1423 3144 Hesiodo

106 3205 154 3250 ne
182 3182 320 3249 licuerit
350 3183 482 3270 quidem
511 3184 577 3250 iam
609 3183 773 3250 narrandi
801 3182 896 3250 finem
929 3183 1050 3250 faeere.
1111 3182 1238 3248 rectius
1261 3181 1424 3249 dicemus:

106 3310 151 3353 ex
175 3288 253 3375 ipsa
274 3288 481 3355 narrationis
501 3289 631 3355 ratione
655 3287 851 3356 concludere
874 3310 940 3355 non
963 3287 1070 3353 solum
1092 3286 1182 3370 lieet,
1207 3286 1266 3354 sed
1287 3308 1423 3354 neeesse

108 3398 166 3459 est
199 3391 310 3479 ipsum
340 3400 474 3479 poetam
506 3394 734 3460 narrationem
759 3393 853 3460 ultra
876 3416 932 3460 vv.
956 3393 1058 3473 sets?
1087 3391 1287 3479 produxisse
1316 3410 1424 3479 neque

109 3497 223 3582 igitur
255 3497 326 3563 ullo
357 3497 453 3564 modo
483 3520 501 3565 e
530 3499 643 3586 priore
676 3498 883 3565 narrationis
918 3502 1016 3585 parte
1048 3497 1089 3564 dc
1119 3496 1229 3564 altera
1256 3495 1424 3563 dubitatio

109 3601 278 3667 exsistere
300 3606 423 3687 potest.
471 3607 572 3689 atque
595 3600 635 3667 fit
657 3602 746 3688 quod
769 3601 932 3688 imprimis
957 3607 1205 3688 exspectamus:
1237 3622 1325 3669 nova
1347 3622 1424 3669 nar·

107 3705 200 3772 ratio
228 3727 301 3771 cum
324 3705 543 3772 antecedente
567 3705 782 3793 coniungitur
810 3706 862 3772 ira
884 3704 978 3772 Iovis
1008 3704 1132 3772 iterum
1155 3710 1421 3787 commemorata,

109 3832 211 3897 quum
240 3815 311 3876 tam
337 3810 498 3896 gravibus
521 3810 636 3878 verbis
659 3817 760 3899 poeta
783 3810 1012 3897 descripserat
1034 3811 1080 3894 (v.
1104 3810 1192 3896 554),
1216 3817 1255 3875 ut
1277 3808 1423 3876 ridicula

110 3923 228 3982 essent
261 3914 296 3981 ni
333 3914 414 4002 quid
451 3915 504 3983 ira
536 3921 708 4005 permotus
740 3914 896 4002 Iuppiter
929 3915 1059 3981 iaceret
1094 3914 1150 3981 vel
1184 3936 1221 3981 se
1254 3914 1424 3982 facturum

107 4019 307 4087 minaretur.
356 4019 441 4088 bene
464 4021 570 4106 igitur
593 4020 636 4087 ad
657 4019 752 4087 Iovis
775 4021 859 4087 iram
883 4018 974 4086 redit
995 4025 1105 4106 poeta,
1131 4027 1170 4086 ut
1192 4019 1423 4087 narrationem

111 4125 304 4210 continuet3
327 4124 411 4192 bene
435 4148 509 4192 eum
530 4126 581 4193 ita
603 4126 715 4192 iacere
738 4126 955 4192 concedamus
977 4146 1113 4192 necesse
1136 4131 1198 4203 est,
1222 4146 1421 4212 quamquam

110 4253 166 4298 vv.
190 4230 290 4311 55617
322 4228 436 4318 aliquo
468 4230 564 4296 modo
594 4228 823 4297 narrationem
845 4228 1028 4295 terminare
1057 4250 1118 4296 neo
1149 4249 1215 4294 non
1244 4225 1422 4294 retardare

202 4424 230 4493 1)
249 4423 341 4479 Etiam
360 4424 533 4480 Hermannus
551 4423 656 4494 (opusc.
671 4424 711 4480 Vl
733 4424 793 4493 177)
813 4422 929 4478 duarum
953 4423 1143 4478 recensionem
1166 4419 1268 4475 indicia
1289 4419 1420 4474 hocloco

112 4520 222 4569 exuare
240 4514 393 4569 arbitratus
411 4521 470 4569 est:
494 4514 584 4568 altera
601 4514 642 4568 ita
660 4512 826 4568 constituta:
851 4515 911 4580 550,
931 4514 983 4568 551
996 4515 1100 4580 -1-554,
1120 4513 1172 4566 555
1191 4516 1220 4564 et
1238 4526 1263 4577 q.
1282 4525 1313 4576 a,
1332 4509 1422 4564 altera

111 4608 203 4657 autem
227 4603 282 4658 ita:
311 4605 461 4670 550-553,
487 4604 638 4668 eea-569,
664 4604 814 4669 558-561,
840 4604 893 4655 570
906 4616 966 4669 sqq.
992 4631 1023 4642 -
1051 4601 1134 4655 uliam
1154 4598 1239 4668 igitur
1265 4614 1323 4653 rem
1342 4603 1422 4653 curat

113 4696 197 4759 atque
214 4691 367 4747 Puutonius
393 4709 482 4760 neque
501 4691 622 4757 dubitat,
651 4691 716 4759 quin
735 4688 831 4744 fabula
855 4689 918 4758 ipsa
940 4689 1088 4756 soluerit,
1118 4703 1199 4756 quam
1217 4685 1323 4742 codices
1342 4687 1421 4742 nobis

112 4780 235 4836 tradunt.
272 4788 301 4836 et
319 4781 379 4850 ipse
397 4781 489 4835 lovem
507 4779 650 4850 deceptum
669 4794 729 4834 esse
748 4785 844 4847 negat,
869 4794 931 4832 eum
949 4777 983 4832 de
1002 4778 1125 4832 versibus
1144 4779 1226 4846 551l2
1251 4776 1421 4831 removendis

114 4870 182 4924 nibil
202 4868 283 4926 dicat.
324 4870 438 4925 alterius
458 4885 538 4938 quam
552 4868 630 4938 fingit
647 4868 813 4924 recensionis
832 4867 922 4923 forms
940 4865 1103 4922 offensiones
1123 4882 1190 4935 quas
1209 4865 1282 4920 infra
1295 4863 1421 4934 detegam

118 4975 173 5015 non
190 4960 278 5017 levari
295 4959 340 5017 hic
357 4961 412 5015 iam
428 4974 608 5030 praemonere
625 4958 692 5014 mihi
708 4957 800 5014 liccat

1164 5045 1212 5112 2*
