3659 5509
732 439 776 507 49

83 609 239 679 velatur
261 613 424 700 prooemii
447 612 628 696 sententia,
651 617 691 679 ut
713 633 809 681 nemo
831 612 899 679 nisi
925 613 998 699 ipse
1017 613 1175 680 carminis
1197 618 1314 680 auctor
1336 613 1407 681 talc

86 718 309 802 prooemium
331 718 472 787 carmini
493 718 711 807 praemittere
734 717 886 805 potuisse
909 718 1077 785 videatur.
1112 718 1177 785 duo
1200 725 1312 785 autem
1328 725 1408 785 sunt

85 820 260 889 carminis
277 829 494 909 argumenta:
512 822 656 891 alterum
671 823 759 910 quod
770 822 813 889 ad
827 825 908 908 ἔργα
918 822 1045 889 attinet
1056 829 1240 910 poetacum
1251 823 1407 890 versibus

85 928 308 1012 prooemium
338 928 456 995 statim
487 927 705 1018 sequentibus
734 927 872 1010 indicat,
902 932 974 993 tum
999 927 1108 994 altera
1131 927 1286 994 carminis
1309 934 1408 1014 parte

85 1031 249 1117 exponit.
296 1055 382 1122 quae
414 1032 525 1101 altera
556 1032 713 1101 carminis
743 1054 824 1120 pars
857 1032 1013 1099 versibus
1041 1033 1107 1100 268
1129 1055 1200 1120 sqq.
1237 1032 1407 1120 incipitur,

88 1134 148 1222 qui
174 1138 349 1224 quomodo
381 1144 416 1205 et
447 1160 520 1205 cum
549 1137 657 1205 totius
680 1137 837 1205 carminis
861 1141 1060 1220 argumento
1093 1142 1129 1204 et
1157 1136 1248 1203 inter
1280 1159 1316 1204 se
1340 1138 1410 1204 sint

87 1239 271 1309 coniuncti
294 1240 364 1311 Leo
392 1242 443 1311 ita
475 1246 640 1330 exposuit,
671 1247 711 1309 ut
741 1240 908 1309 dubitatio
932 1259 1005 1307 non
1034 1241 1247 1329 relinquatur
1276 1243 1410 1329 (pg.17

89 1346 197 1433 sqq).
260 1346 381 1434 quibus
414 1348 571 1415 versibus
602 1346 779 1435 explicatis
812 1350 888 1412 tota
923 1345 1094 1433 quaestio,
1129 1368 1215 1433 quae
1249 1346 1293 1413 ad
1326 1346 1410 1414 duas

88 1448 261 1517 carminis
291 1456 408 1538 partes
438 1452 521 1519 bene
548 1452 639 1519 inter
665 1474 703 1519 ee
724 1451 942 1518 cohaerentes
964 1450 1124 1538 pertinet,
1155 1450 1314 1537 expedite
1336 1473 1410 1519 esse

88 1554 252 1622 videtur.
304 1562 416 1625 restat
446 1563 575 1639 eutem,
610 1563 649 1623 ut
679 1555 842 1644 quomodo
873 1554 988 1642 priore
1010 1554 1212 1622 Kirchhcffii
1242 1556 1409 1623 ‘earmina’

91 1658 192 1727 inter
218 1682 256 1726 sc
279 1660 482 1729 cohaereant
504 1667 540 1729 ct
561 1682 638 1728 num
655 1659 787 1727 omnino
803 1659 873 1726 sint
897 1659 1064 1726 ‘carmina'
1085 1659 1185 1747 priva
1199 1682 1410 1748 quaeramus.

186 1762 359 1833 Prooemii
404 1764 574 1834 sententie
610 1764 654 1832 ad
690 1786 789 1850 reges
826 1762 968 1831 maxime
1008 1763 1064 1831 vel
1100 1763 1229 1831 iudices
1268 1770 1410 1853 spectat.

91 1890 126 1937 v.
159 1868 211 1935 10
239 1875 340 1958 poete
371 1871 414 1936 ad
443 1869 568 1938 Persen
599 1870 742 1938 fratrem
776 1891 813 1936 se
845 1869 1030 1952 convertit,
1064 1890 1162 1957 quem
1194 1871 1412 1957 sequentibus

91 1972 261 2042 versibus
293 1975 459 2057 admonet,
492 1997 534 2041 ne
565 1973 687 2041 mulam
719 1972 856 2040 Eridem
889 1978 1066 2061 sequatur;
1105 1972 1211 2041 multo
1244 1975 1413 2042 meliorem

93 2097 174 2145 esse
212 2077 401 2146 hominibus
434 2079 555 2146 bonam
588 2077 727 2145 Eridem
759 2099 847 2165 quae
881 2079 984 2145 etiam
1018 2078 1158 2145 inertem
1196 2079 1241 2146 ad
1275 2079 1409 2147 labores

95 2182 336 2270 suscipiendos
367 2182 496 2251 incitet.
542 2183 663 2271 quihus
686 2183 727 2250 de
754 2183 855 2249 rebus
882 2204 988 2270 usque
1019 2182 1062 2249 ad
1085 2206 1116 2250 v.
1140 2183 1184 2247 24
1205 2185 1412 2269 generaliter

96 2285 262 2371 disserit,
285 2288 419 2356 eaedem
440 2288 597 2357 versibus
619 2309 725 2375 usque
748 2287 792 2354 ad
815 2311 847 2353 v.
870 2287 913 2354 39
935 2288 1036 2375 plene
1059 2288 1222 2375 exponit·
1241 2297 1280 2355 ut
1309 2291 1411 2358 mani·

97 2389 196 2458 festa
228 2392 292 2460 fiat
319 2392 444 2481 duplex
477 2392 598 2461 fratris
632 2392 843 2459 adhortatio:
878 2391 974 2474 ‘ncli,
1005 2391 1130 2478 inquit,
1162 2393 1256 2480 sequi
1290 2396 1411 2463 malam

97 2492 254 2580 Eridem,
277 2518 363 2584 quae
386 2502 422 2564 te
442 2496 601 2564 laborare
621 2519 689 2564 non
704 2496 796 2564 sinit.
831 2496 952 2562 bonam
968 2494 1081 2582 potius
1097 2495 1233 2563 Eridem
1249 2500 1411 2586 sequaris,

100 2621 170 2686 qua
195 2599 360 2668 adductus
385 2601 487 2668 etiam
509 2600 629 2669 litibus
652 2622 773 2669 vacare
796 2600 929 2668 desines
961 2606 1063 2687 etque
1093 2599 1129 2666 id
1157 2621 1255 2686 ages,
1290 2608 1330 2668 ut
1356 2625 1412 2671 res

98 2703 168 2770 tibi
200 2704 318 2772 labore
349 2710 489 2773 crescat.
534 2706 692 2773 maiorem
716 2728 814 2793 quam
845 2705 943 2772 licuit
973 2709 1105 2792 partem
1132 2704 1335 2774 hereditatis
1363 2708 1412 2774 in·

100 2807 272 2876 iustorum
290 2809 436 2877 iudicum
454 2831 516 2897 cpe
531 2810 719 2898 arripuisti.
758 2808 827 2877 noli
850 2809 972 2875 iterum
997 2809 1045 2876 sic
1063 2831 1174 2894 agere,
1199 2832 1414 2898 compauper

101 2913 152 2980 sis
186 2914 236 3001 (id
258 2913 347 3001 quod
369 2914 486 2981 dicunt
514 2914 568 2982 vel
598 2914 791 3002 significant
819 2937 874 2981 vv.
898 2912 1021 3000 30131).
1067 2935 1128 2981 nec
1158 2914 1264 2981 solum
1295 2915 1414 2984 iniusti

103 3025 189 3086 sunt
210 3019 338 3086 iudices
360 3019 422 3102 iili,
447 3019 633 3087 sedetiam
656 3019 781 3086 stolidi.
827 3019 988 3104 ignorant
1011 3018 1096 3085 enim
1120 3021 1344 3108 quantoplus
1368 3023 1415 3091 sit

102 3121 280 3190 dimidium
298 3128 370 3190 toto
388 3145 448 3191 nec
466 3123 587 3209 sciunt,
611 3123 729 3212 quanti
746 3124 885 3190 intersit
905 3123 1007 3190 etiam
1022 3123 1166 3191 malvam
1183 3124 1414 3212 asphodelum·

103 3249 170 3315 que
187 3227 332 3295 habere’.
373 3227 468 3316 prior
486 3228 656 3296 sententie
672 3228 718 3314 (v.
729 3228 786 3315 40)
805 3228 848 3294 ad
867 3227 977 3315 ipsum
995 3227 1139 3295 fratrem
1157 3235 1277 3315 poetae
1296 3238 1415 3318 aperte

104 3337 259 3419 spectat:
285 3332 361 3419 plus
383 3333 470 3400 enim
493 3332 631 3400 dimidia
654 3338 752 3420 parte
775 3333 899 3399 habere
923 3332 1049 3401 voluit:
1072 3338 1191 3400 nactus
1214 3341 1331 3401 est-
1355 3337 1415 3404 sed

104 3458 179 3503 cum
201 3436 270 3503 iam
292 3436 387 3506 dives
410 3459 484 3507 esse
507 3437 574 3505 eibi
592 3436 775 3515 videretur,
798 3435 954 3503 laborare
971 3435 1083 3519 desiit,
1106 3436 1158 3504 ita
1179 3444 1219 3504 ut
1240 3462 1326 3508 nunc
1348 3464 1414 3508 non

106 3540 216 3608 solum
239 3539 334 3609 dives
356 3565 422 3610 non
445 3543 501 3624 sit,
526 3543 586 3611 sed
609 3541 711 3609 etiam
733 3563 863 3629 pauper
885 3541 939 3627 (cf.
953 3564 985 3607 v.
998 3541 1123 3627 30131).
1159 3565 1220 3612 nec
1236 3548 1414 3616 secundum

106 3646 201 3716 Iovis
226 3646 434 3716 voluntatem
456 3649 580 3718 Perses
603 3649 675 3717 sine
697 3648 870 3718 laboribus
894 3671 914 3715 e
936 3648 1073 3736 regibus
1098 3649 1193 3718 dives
1216 3650 1327 3719 factus
1350 3659 1414 3734 est,

107 3789 150 3800 -
164 3752 201 3819 id
217 3752 305 3841 quod
320 3752 404 3821 dicit
423 3778 456 3822 v.
470 3754 512 3821 41
530 3779 588 3820 —:
612 3754 726 3841 magni
748 3754 835 3821 enim
857 3754 1015 3820 momenti
1039 3759 1093 3820 eet
1114 3753 1259 3822 malvam
1283 3757 1415 3844 quidem

108 3855 224 3925 labore
247 3857 312 3925 sibi
336 3865 562 3946 comparatam
585 3858 719 3941 habere,
743 3880 815 3926 cum
840 3858 912 3925 sine
932 3858 1105 3926 laboribus
1120 3860 1223 3926 vitam
1239 3859 1416 3929 humanam

109 3981 182 4029 esee
206 3960 241 4028 di
261 3962 440 4030 noluerint
486 3964 682 4031 celaverunt
704 3962 790 4029 enim
812 3963 848 4028 in
870 3970 964 4029 terra
988 3962 1211 4031 ‘frumentum’
1229 4001 1270 4014 -
1287 3966 1335 4033 sic
1350 3988 1416 4034 vox

108 4068 182 4148 βίος
204 4071 292 4135 etv.
316 4068 356 4134 31
382 4072 418 4135 et
439 4091 472 4135 v.
491 4068 535 4135 42
559 4073 594 4134 et
616 4065 740 4134 alicubi
766 4067 802 4133 in
824 4065 991 4155 Operibus
1014 4072 1068 4134 est
1090 4067 1346 4156 interpretanda
1362 4108 1415 4155 -,

110 4169 305 4239 celaverunt
332 4172 366 4239 in
398 4178 509 4257 terra,
542 4194 584 4239 ne
607 4194 669 4241 sua
694 4177 813 4259 sponte
836 4177 1040 4253 nasceretur,
1073 4172 1134 4240 sed
1163 4173 1205 4239 ab
1229 4173 1415 4242 hominibus

108 4273 293 4343 laborando
321 4278 499 4345 coleretur.
556 4276 711 4344 versibus
748 4275 855 4361 igitur
890 4275 948 4362 qui
981 4298 1013 4342 v.
1042 4275 1084 4341 41
1122 4276 1294 4364 excipiunt
1324 4278 1417 4345 redit

109 4387 210 4466 poeta
231 4380 275 4447 ad
298 4381 501 4450 sententiam
523 4402 621 4470 quam
644 4380 710 4447 iarn
733 4403 788 4448 vv.
811 4381 855 4446 28
878 4388 914 4447 et
936 4379 980 4445 34
1001 4378 1069 4466 (ccl
1084 4381 1114 4445 δ’
1131 4380 1242 4447 οὐκέτι
1258 4382 1416 4466 δεύτερον

109 4485 200 4551 ἔσται
223 4478 280 4550 ὧδ’
303 4487 429 4572 ἔρδειν)
452 4485 608 4574 protulit,
632 4484 863 4572 explicationis
886 4505 998 4551 causa.
1045 4488 1114 4551 ‘nee
1136 4489 1272 4567 temere,
1294 4486 1415 4573 inquit,

110 4593 148 4655 ut
171 4610 254 4675 agro
277 4589 415 4657 colendo
438 4596 473 4658 te
497 4591 566 4674 des,
591 4590 750 4657 admoneo
773 4598 818 4656 tc.
856 4588 907 4656 ita
929 4588 1017 4655 enim
1039 4587 1105 4675 ipsi
1128 4588 1163 4656 di
1185 4591 1292 4658 vitam
1313 4590 1416 4659 homi·

109 4713 187 4759 num
210 4693 431 4763 constitutam
453 4717 528 4763 esse
549 4693 739 4777 volucrunt,
766 4698 807 4761 ut
828 4691 1048 4760 laborandum
1071 4692 1138 4759 sit’.
1182 4716 1215 4761 v.
1237 4695 1282 4761 45
1303 4703 1416 4763 autem

111 4796 212 4864 etiam
242 4797 387 4866 alteram
408 4800 534 4868 victum
565 4798 708 4886 parandi
739 4797 905 4867 rationem
935 4795 1119 4882 significat:
1154 4799 1415 4887 navigationem,

110 4900 241 4971 scilicet
262 4902 317 4970 eui
338 4909 542 4973 mercatores
564 4925 601 4971 se
617 4902 754 4971 dedunt.
792 4924 872 4988 ergo
894 4899 950 4968 hic
971 4901 1039 4969 iam
1061 4907 1239 4992 utrumque
1259 4905 1416 4972 carminis
