3659 5509
806 442 849 512 29

351 620 410 698 δὸς
431 627 496 686 νῦν
517 642 575 704 μοι
597 620 759 705 φιλότητα
779 615 835 683 καὶ
858 618 986 703 ἵμερον,
1008 609 1036 704 ql
1057 641 1093 684 τε
1116 620 1160 683 σὺ
1182 618 1308 697 πάντας

352 727 463 812 δαμνᾷ
484 723 675 802 ἀθανάτους
696 720 757 808 qut
777 726 927 808 θνητοὺς
950 722 1164 807 ἀνθρώπους.

166 829 248 899 ideo
270 829 378 917 igitur
400 829 503 897 etiam
519 827 637 896 Venus
655 826 828 895 Minervae
843 826 1064 915 Vulcanoquc
1086 827 1312 914 subiungitur,
1336 834 1375 895 ut
1397 851 1485 896 nova

168 934 236 1002 illa
257 940 416 1003 creatura
439 955 551 1001 omnes
581 932 674 1000 viros
702 932 827 1000 amoris
850 931 1018 1000 desiderio
1037 932 1186 1019 impleat.
1231 931 1287 1019 (cf.
1310 933 1485 1021 aaron.)

169 1040 331 1129 Iuppiter
347 1038 435 1106 enim
453 1060 566 1106 omnes
583 1038 674 1106 viros
689 1059 802 1106 amore
818 1037 892 1105 eius
908 1037 997 1105 vinci
1013 1036 1179 1120 voluerat,
1200 1059 1300 1125 quam
1315 1038 1365 1106 eis
1381 1038 1485 1106 detri-

170 1151 286 1212 mento
309 1143 389 1212 dare
411 1143 646 1211 constituerat.
675 1180 719 1192 -
751 1165 817 1231 qua
847 1141 888 1209 de
918 1164 1022 1209 causa
1047 1141 1168 1210 mulier
1189 1142 1252 1210 illa
1273 1143 1358 1210 viris
1381 1142 1485 1211 detri-

170 1256 285 1318 mento
302 1255 402 1332 esset,
425 1255 527 1337 poeta
549 1246 695 1315 nondum
718 1247 910 1335 explicavit.
951 1245 1070 1316 statim
1093 1253 1215 1331 autem,
1239 1253 1278 1314 nt
1300 1248 1403 1316 etiam
1423 1248 1485 1316 hoc

170 1353 427 1441 intellegamus,
457 1358 565 1421 curat.
609 1358 752 1442 quartus
782 1352 869 1419 enim
892 1352 1077 1421 accersitur
1098 1351 1287 1420 Mercurius
1310 1355 1356 1439 (v.
1380 1354 1482 1439 6718),

171 1460 233 1548 qni
255 1458 389 1527 mulieri
410 1481 495 1548 quae
519 1458 553 1525 in
575 1457 683 1545 ipsius
699 1464 871 1545 potestate
889 1457 1004 1545 posita
1020 1457 1090 1524 sint
1105 1457 1289 1541 attribuat:
1314 1457 1485 1545 impuden-

172 1572 245 1632 tem
268 1565 354 1632 enim
378 1568 520 1631 mentem
542 1561 748 1650 fallacesque
770 1584 879 1631 mores
903 1562 964 1629 dat
982 1561 1119 1648 virgini,
1143 1583 1250 1649 neque
1269 1562 1406 1629 dubium
1421 1569 1484 1648 est,

172 1670 255 1758 quin
289 1668 409 1736 mulier
442 1669 495 1735 his
526 1667 622 1735 donis
653 1667 810 1755 praedita
840 1666 925 1754 μέγα
956 1677 1048 1753 πῆμα
1077 1667 1242 1753 ἀνδράσιν
1274 1668 1390 1737 futura
1424 1669 1480 1737 sit.

171 1776 249 1842 iure
279 1781 316 1842 at
344 1773 496 1841 consulto
518 1779 619 1861 poeta
641 1771 844 1840 Mercurium
874 1773 1099 1860 improborum
1130 1793 1259 1839 morum
1289 1773 1485 1842 donatorem

171 1879 269 1948 facit.
315 1879 445 1947 astutia
474 1877 562 1946 enim
591 1881 626 1946 et
654 1877 790 1946 fallacia
821 1878 895 1965 ipse
923 1877 1010 1945 satis
1033 1899 1199 1966 superque
1223 1882 1277 1946 est
1298 1879 1484 1966 praeditus.

173 1983 233 2071 (uf.
255 1989 287 2050 Ε
307 1984 388 2068 390,
419 1987 453 2049 Ω
476 1984 556 2067 109,
588 1983 747 2069 τ39517;
785 1983 898 2072 hymn.
929 1983 1015 2050 hom.
1047 1982 1147 2051 Mero.
1180 1982 1232 2067 13,
1264 1983 1345 2071 317,
1383 1984 1485 2052 Babr.

175 2088 247 2157 fab.
270 2090 337 2176 57).

265 2193 322 2262 Sic
335 2214 441 2282 usque
458 2192 501 2261 ad
513 2215 647 2264 versum
659 2193 703 2261 68
713 2191 823 2260 omnia
838 2215 904 2259 non
920 2192 1029 2260 solum
1042 2198 1132 2280 apte,
1149 2193 1210 2262 sed
1221 2194 1325 2261 ctiam
1335 2193 1420 2263 benc
1431 2195 1488 2263 vel

173 2299 302 2388 optime
317 2297 509 2367 decurrunt.
550 2298 673 2386 ubique
690 2304 823 2386 poetam
844 2305 937 2365 certo
956 2298 1096 2366 oonsilio
1112 2321 1209 2366 usum
1224 2321 1299 2368 csse
1314 2300 1486 2368 videmus:

173 2426 284 2494 neque
302 2406 478 2493 quicquam
499 2403 647 2492 scripsit,
671 2404 760 2493 quod
783 2404 931 2471 scribere
950 2425 1034 2491 opus
1053 2425 1119 2471 non
1137 2403 1252 2487 luerit,
1277 2427 1382 2494 neque
1397 2405 1488 2495 quic-

175 2532 293 2598 quam,
328 2531 392 2598 quo
415 2508 458 2577 ad
481 2532 550 2576 rem
572 2510 656 2577 bene
679 2508 942 2595 intellegendam
964 2530 1047 2596 opus
1069 2508 1193 2592 fuerit,
1222 2509 1351 2594 omisit,
1376 2510 1428 2577 ita
1449 2518 1490 2579 ut

175 2614 289 2682 omnia
319 2614 386 2682 iam
418 2614 564 2682 dilucida
597 2613 666 2682 sint
698 2621 799 2703 atque
830 2614 931 2682 facile
960 2614 1215 2700 intellegantur.
1261 2614 1346 2683 hano
1374 2638 1489 2683 veram

175 2741 253 2787 esse
283 2724 409 2803 artem,
439 2741 560 2806 magno
590 2725 691 2808 poeta
715 2719 867 2806 dignam,
899 2742 995 2787 nemo
1024 2718 1125 2787 facile
1154 2719 1303 2805 negabit.
1348 2743 1409 2788 nec
1431 2720 1489 2787 du-

175 2824 290 2892 bitare
312 2825 394 2893 licet
417 2825 457 2892 de
481 2846 582 2892 sensu
604 2823 755 2893 fabulae:
780 2826 901 2910 ἄνδρες
917 2831 1006 2909 sunt,
1031 2824 1088 2913 qui
1104 2845 1224 2911 magno
1240 2824 1329 2892 malo
1343 2824 1491 2893 afficiun-

174 2936 252 3014 tur3
276 2929 398 3016 ἄνδρες
419 2928 481 2995 hoc
502 2930 611 3017 ipsum
635 2929 758 2997 malum
781 2929 881 2997 valde
905 2931 1075 2997 amabunt.
1121 2929 1170 2996 sic
1192 2929 1304 2998 voluit
1322 2929 1489 3018 Iuppiter.

177 3035 252 3104 sine
282 3034 383 3101 dubio
411 3034 521 3123 prima
550 3033 671 3102 mulier
700 3041 769 3118 est,
804 3056 903 3122 quam
933 3034 1063 3122 effingi,
1101 3057 1200 3123 quam
1229 3034 1489 3123 pulchritudine,

179 3138 295 3227 gratia
316 3161 378 3207 nec
399 3161 466 3206 non
488 3138 675 3226 impudenti
698 3138 807 3207 animo
829 3139 956 3206 instrui
978 3139 1142 3207 audimus.

266 3244 340 3311 Iam
358 3250 470 3311 autem
492 3265 578 3331 ques
598 3249 784 3331 sequuntur
801 3244 911 3311 minus
930 3244 974 3313 ud
993 3244 1245 3313 antecedentem
1260 3243 1492 3313 narrationem

178 3348 359 3439 quadrant.
411 3348 604 3416 iamdudum
638 3348 692 3416 his
726 3349 761 3416 in
789 3349 946 3417 versibus
975 3388 1018 3400 -
1049 3349 1123 3418 dico
1153 3371 1272 3417 versus
1295 3349 1425 3417 69-82
1448 3387 1491 3400 -

178 3453 395 3523 offenderunt
426 3453 494 3521 viri
528 3453 619 3521 docti
651 3460 754 3543 atque
789 3477 849 3521 suo
884 3454 958 3522 iure
992 3477 1050 3522 ecs
1082 3454 1231 3523 eiusdem
1263 3460 1385 3542 poetae
1418 3477 1493 3523 esse

179 3559 276 3627 cuins
298 3559 536 3627 antecedentes
558 3565 780 3645 negaverunt.
825 3559 877 3627 ita
898 3558 1062 3627 Lehrsius
1085 3559 1229 3648 primum
1252 3560 1393 3644 censuit,
1420 3566 1492 3627 tum

178 3663 239 3732 Fr.
263 3663 451 3732 Schoellius
474 3662 915 3752 (dePand.Hes.136sq.),
939 3665 1079 3731 ultimus
1102 3663 1330 3731 Kirchboffius
1354 3665 1494 3732 eandem

179 3768 386 3837 sententiam
408 3768 449 3836 dc
471 3768 525 3835 his
547 3768 703 3837 versibus
726 3770 954 3858 protulerunt.
992 3791 1059 3858 qua
1081 3791 1118 3837 re
1139 3773 1251 3837 tamen
1268 3768 1374 3836 officio
1391 3769 1494 3836 etiam

181 3876 245 3942 hos
268 3896 389 3942 versus
407 3873 640 3961 pertractandi
656 3897 721 3942 non
742 3875 934 3942 liberamur.
971 3873 1176 3961 gravismma
1191 3872 1277 3942 enim
1294 3879 1494 3961 argumenta

181 3978 272 4047 sicut
306 3977 543 4047 antecedentes
575 3978 611 4046 in
642 3979 856 4067 Theogoniae
886 3986 923 4048 et
947 3978 1094 4068 Operum
1123 3979 1378 4047 narrationibus
1410 4000 1494 4047 ccm-

179 4083 345 4173 parandis
367 4084 587 4172 praebebunt.

269 4188 385 4257 Prima
407 4188 525 4257 statim
542 4188 649 4258 verba
668 4192 713 4268 ὥς
733 4193 837 4275 ἔφατο
859 4213 924 4257 non
949 4189 1055 4258 solum
1079 4187 1324 4257 dubitationem
1346 4194 1492 4272 movent,

181 4294 244 4363 scd
267 4294 371 4362 etiam
392 4301 509 4383 aperte
532 4317 617 4383 quac
639 4295 690 4363 rei
713 4295 862 4363 condicio
881 4297 929 4363 sit
946 4294 1139 4364 ostendunt.
1184 4317 1261 4363 nam
1281 4301 1359 4384 post
1374 4317 1494 4362 versus

179 4400 329 4483 {tr-os,
359 4400 481 4489 quibus
502 4399 738 4468 Prometheum
765 4399 972 4490 adloquitur,
1006 4399 1163 4489 Iuppiter
1184 4422 1251 4467 non
1274 4400 1407 4467 locutus
1431 4404 1494 4482 est,

180 4504 243 4574 sed
265 4510 367 4592 poeta
388 4504 534 4588 rettulit,
558 4527 644 4593 quae
667 4505 812 4591 singulis
835 4506 907 4574 deis
931 4504 1135 4573 mandasset.
1181 4527 1246 4594 quo
1269 4503 1377 4591 igitur
1399 4508 1495 4571 modo

180 4610 298 4678 verbis
328 4611 374 4689 os
402 4612 505 4696 ἔφατο
533 4609 763 4677 narrationem
793 4610 948 4699 excipere
978 4615 1080 4698 posta
1109 4608 1248 4697 potuit?
1292 4632 1353 4678 nec
1382 4609 1497 4698 potuit

181 4736 245 4783 nec
274 4713 367 4782 fecit.
410 4714 573 4782 faciamus
608 4719 720 4782 autem
749 4738 896 4784 revera
924 4715 1073 4784 locutum
1103 4737 1178 4783 esse
1200 4713 1316 4783 Iovem
1338 4714 1496 4783 versibus

183 4819 480 4902 antecedentibus,
511 4823 551 4886 ut
572 4817 687 4887 verbis
710 4822 756 4900 ὥς
777 4824 880 4907 ἔφατο
909 4825 1002 4888 recte
1033 4839 1142 4887 sermo
1172 4819 1404 4888 continuetur:
1439 4819 1497 4907 qui

186 4928 377 5016 sequuntur
398 4946 441 4993 ne
463 4923 602 4994 consilio
619 4923 752 5014 quidem
773 4948 846 4994 curn
867 4923 1143 4994 antecedentibus
1158 4925 1364 5014 conspirant.
1403 4924 1497 4993 Iovis
