3659 5509
1014 413 1057 483 64

383 590 513 679 antiqui
536 589 770 657 Prometheum
793 589 903 675 ignem
926 588 1076 655 furatum
1099 609 1174 654 esse
1194 586 1445 654 fabulabantur.
1489 583 1580 671 ignis
1604 580 1708 650 enim

383 696 488 763 omnis
504 695 597 763 vitae
618 695 783 762 humanae
805 693 1058 761 fundamentum
1074 691 1211 759 videtur
1233 714 1317 773 esse,
1341 691 1399 779 qui
1414 695 1526 758 tamen
1543 687 1708 756 divinam

381 808 536 868 naturam
561 805 677 888 aperte
700 821 781 886 prae
804 821 840 866 se
859 799 938 880 fert,
961 798 1012 865 ita
1035 801 1075 863 ut
1096 796 1174 864 inde
1192 818 1214 863 a
1230 796 1347 884 primis
1362 793 1569 883 temporibus
1588 789 1707 858 homi·

382 928 460 971 num
482 905 516 970 in
539 926 602 971 usu
626 926 700 971 eum
721 904 829 971 fuisse
848 902 983 969 difficile
1006 901 1111 969 fuerit
1130 902 1277 970 eredere.
1294 940 1334 950 —
1354 898 1546 989 Epimethei
1567 902 1704 978 autem,

382 1031 456 1077 oum
485 1031 598 1076 rerum
630 1014 789 1076 naturam
820 1007 996 1095 ignorent,
1030 1006 1153 1074 malum
1184 1007 1279 1095 passi
1310 1005 1495 1093 prudentes
1525 1002 1623 1070 fiunt.
1655 1037 1706 1050 -

380 1113 495 1200 itaque
518 1115 554 1180 et
577 1111 796 1180 Prometheus
820 1119 856 1179 et
877 1109 1107 1199 Epimetheus,
1141 1132 1342 1198 quemquam
1365 1108 1454 1177 alter
1476 1115 1568 1176 oerte
1590 1113 1627 1175 et
1654 1104 1704 1173 ab

381 1215 529 1284 Hesiodo
552 1222 588 1283 et
610 1223 689 1284 ante
710 1216 893 1284 Hesiodum
918 1216 1053 1283 deorum
1077 1215 1133 1283 vel
1152 1215 1312 1283 Titanum
1334 1214 1369 1280 in
1392 1235 1529 1281 numero
1552 1211 1704 1280 habitus

382 1326 453 1404 est,
487 1326 599 1388 tamen
632 1322 781 1409 proxime
814 1321 857 1388 ed
893 1320 1071 1388 humanam
1104 1325 1262 1388 naturam
1296 1319 1454 1387 secedere
1487 1317 1653 1386 videntur
1661 1314 1703 1400 ¹).

383 1431 526 1512 uterque
549 1425 691 1492 alteram
714 1431 844 1513 partem
867 1426 1032 1493 humanae
1051 1425 1173 1492 mentis
1189 1427 1434 1513 repraesentat.
1471 1421 1702 1511 Epimetheus

383 1533 504 1611 autem,
527 1530 584 1617 qui
606 1531 750 1618 primam
772 1530 944 1598 mulierem
968 1531 1105 1618 reoepit,
1128 1530 1201 1618 ipse
1223 1530 1295 1598 fere
1317 1528 1446 1617 primus
1468 1528 1614 1595 omnium
1634 1524 1702 1593 vir

384 1634 555 1720 cogitatus
579 1656 653 1702 esse
675 1635 820 1703 videtur.

469 1737 661 1807 Promethei
684 1739 772 1828 quod
800 1739 843 1806 ad
872 1745 1031 1807 naturam
1059 1738 1186 1807 attinet
1215 1737 1378 1805 simillimi
1401 1743 1481 1805 sunt
1502 1742 1539 1805 et
1559 1736 1701 1803 Menoe·

383 1842 453 1909 tius
469 1846 505 1909 et
518 1842 632 1928 Atlas,
648 1843 683 1911 id
699 1844 787 1933 quod
802 1843 963 1932 epithetis
979 1865 1109 1932 quoque
1124 1844 1167 1910 ab
1180 1842 1328 1910 Hesiodo
1344 1843 1532 1910 nominibus
1548 1838 1700 1909 adiectis

385 1945 604 2033 significatur.
650 1948 753 2016 Atlas
776 1949 863 2015 euim
887 1954 941 2016 est
963 1951 1213 2035 κρατερόφρων,
1235 1946 1439 2015 Menoetium
1459 1946 1703 2033 ὑπερκύδαντα

382 2050 526 2139 primum
549 2051 646 2135 dioit,
679 2052 767 2141 quod
790 2055 929 2121 verbum
952 2059 1044 2120 eerte
1067 2053 1109 2119 ad
1132 2051 1229 2120 verbi
1250 2053 1410 2137 ὑβριστής
1432 2074 1565 2120 sensum
1588 2048 1700 2138 expli·

384 2155 525 2222 eandum
548 2161 601 2224 est
622 2157 667 2243 (v.
681 2157 768 2244 514).
805 2155 941 2245 punivit
963 2181 1036 2225 eum
1057 2156 1212 2244 Iuppiter
1234 2157 1332 2223 εἵνεκ’
1354 2157 1559 2241 ἀτασθαλίης
1579 2179 1616 2222 τε
1637 2151 1699 2220 καὶ

383 2258 525 2347 ἠνορέης
538 2261 732 2348 ὑπερόπλου
745 2264 792 2348 (v.
804 2263 893 2348 516).
928 2262 1050 2330 nimiae
1069 2261 1178 2348 igitur
1195 2261 1373 2348 superbiae
1389 2267 1526 2330 exstant
1540 2258 1700 2347 exempla

384 2369 419 2432 et
441 2363 629 2432 Menoetius
658 2369 694 2434 et
720 2366 823 2435 Atlas
852 2374 888 2434 et
917 2365 1146 2434 Prometheus.
1192 2388 1277 2454 quae
1301 2365 1449 2434 Menoeti
1478 2373 1514 2433 et
1535 2363 1698 2432 Atlantis

383 2467 519 2535 fabulae
549 2468 691 2554 fuerint,
725 2493 790 2538 uon
819 2473 885 2538 iem
916 2477 1059 2539 constet.
1112 2470 1315 2538 Menoetium
1343 2470 1381 2537 ἐν
1404 2481 1444 2558 τῇ
1470 2472 1698 2555 Τιτανομαχίᾳ

383 2595 405 2640 a
426 2571 508 2641 Iove
536 2573 570 2640 in
594 2573 740 2642 Erebum
771 2576 936 2643 deieotum
966 2598 1041 2644 esse
1070 2575 1171 2643 facile
1200 2581 1275 2642 erat
1304 2597 1344 2642 ex
1366 2575 1508 2643 Hesiodi
1536 2574 1696 2643 versibus

383 2676 589 2744 eonoludere.
634 2678 686 2745 ita
709 2679 937 2766 Apollodorus
959 2680 1053 2766 (bibl.
1078 2680 1096 2746 I
1119 2680 1153 2766 2)
1177 2701 1248 2746 rem
1271 2680 1396 2763 tradit,
1428 2680 1583 2747 nimirum
1609 2677 1696 2746 alio

383 2802 458 2848 rum
487 2782 740 2851 narrationibus
775 2808 866 2853 usus.
911 2785 999 2851 unde
1029 2792 1138 2852 artam
1160 2784 1308 2851 Menoeti
1339 2792 1589 2873 ceterorumque
1619 2805 1695 2851 oum

386 2885 566 2953 Titanibus
590 2887 854 2957 eoniunetionem
876 2889 1075 2975 intellegere
1098 2888 1189 2973 lieet,
1214 2912 1353 2977 quorum
1372 2895 1511 2978 propter
1534 2895 1695 2956 naturam

384 2989 546 3057 simillimi
576 3000 666 3060 sunt.
726 2994 879 3062 conferes
908 3016 1034 3082 quaeso
1065 2994 1189 3079 Theog.
1217 3018 1273 3061 vv.
1297 2994 1478 3062 207-210.
1538 2993 1621 3082 quid
1653 2992 1695 3059 de

384 3094 526 3163 Hesiodi
548 3096 621 3164 loeo
644 3098 858 3166 iudicandum
887 3100 950 3181 sit,
985 3104 1104 3166 eontra
1125 3098 1269 3165 Roberti
1291 3098 1479 3185 opinionem
1501 3120 1606 3186 supra
1627 3097 1695 3163 iam

383 3201 523 3288 exposui
545 3203 590 3289 (p.
612 3201 656 3288 8).
702 3210 830 3270 eertum
859 3202 986 3284 scelus,
1018 3225 1082 3292 quo
1106 3203 1280 3270 commisso
1302 3202 1441 3290 punitus
1473 3203 1536 3287 sit,
1568 3202 1693 3270 afferre

384 3303 485 3372 facile
505 3306 724 3392 supersedere
739 3308 886 3376 Hesiodo
907 3307 1014 3390 licuit,
1039 3331 1112 3374 oum
1128 3307 1289 3395 epithetis
1306 3306 1448 3375 adiectis
1464 3314 1500 3376 et
1513 3307 1694 3396 praecipue

384 3431 488 3477 versu
509 3410 572 3476 516
596 3432 731 3478 oausam
761 3412 919 3500 supplicii
947 3413 982 3478 in
1012 3412 1205 3479 universnm
1228 3412 1314 3480 satis
1338 3412 1519 3480 indicavit:
1552 3417 1695 3501 propter

386 3512 577 3601 superbiam
599 3514 787 3583 Menoetius
810 3516 846 3582 in
867 3516 1015 3584 Erebum
1038 3516 1191 3584 deicitur.
1237 3516 1377 3584 eundem
1399 3539 1474 3585 esse
1490 3516 1695 3585 Menoetium

387 3624 423 3685 et
443 3616 639 3704 Menoetem,
664 3643 760 3709 quem
784 3621 1012 3708 Apollodorus
1034 3621 1131 3706 (bibl.
1147 3621 1295 3708 15,10,r)
1320 3622 1353 3688 in
1369 3621 1519 3710 Erythia
1538 3621 1695 3689 Plutonis

387 3723 490 3791 boves
513 3746 650 3811 pascere
673 3724 766 3809 dieit,
789 3725 960 3793 Robertus
988 3725 1023 3812 (l.
1046 3725 1068 3792 l.
1092 3725 1110 3792 Ι
1131 3727 1175 3793 48
1197 3727 1273 3794 adn.
1290 3726 1323 3814 1)
1345 3727 1546 3814 suspicatur.
1591 3748 1697 3813 greve

385 3832 498 3896 autem
531 3835 586 3895 est
609 3828 811 3897 Menoetium
842 3829 877 3896 in
906 3829 1049 3897 Erebo
1081 3852 1156 3899 esse
1189 3831 1328 3899 disertis
1364 3831 1477 3898 verbis
1509 3831 1696 3900 Hesiodum

386 3931 507 4000 dieere.
553 3931 766 4001 aMenoetio
794 3934 880 4000 enim
910 3933 1149 4023 incipientibus
1179 3936 1282 4004 etiam
1304 3936 1346 4002 de
1368 3934 1524 4004 Atlantis
1555 3943 1591 4005 et
1612 3935 1694 4004 Pro·

386 4035 510 4104 methei
532 4036 706 4124 supplieiis
729 4060 784 4104 res
809 4037 896 4105 setis
919 4061 1042 4124 graves
1065 4040 1241 4108 enucleare
1264 4040 1390 4108 licebit.

471 4139 620 4209 Menoeti
641 4141 840 4230 supplicium
863 4141 966 4209 simili
988 4142 1084 4210 modo
1106 4145 1188 4211 mihi
1211 4144 1349 4213 videtur
1371 4144 1604 4233 explicandum
1620 4167 1695 4214 esse

388 4250 489 4333 atque
512 4268 542 4313 e.
561 4268 594 4333 g.
619 4245 759 4314 Tantali
783 4253 818 4314 et
839 4245 996 4336 Sisyphi:
1032 4250 1119 4315 omitt
1148 4250 1198 4315 uls
1225 4251 1337 4317 biisaer
1364 4253 1560 4336 sapeteurer
1586 4251 1696 4320 sctuld

385 4351 462 4418 sud
496 4351 647 4419 Tantalos
677 4352 745 4419 uad
774 4351 926 4435 Sisyphos
956 4353 1000 4418 da
1034 4355 1094 4438 (se.
1125 4354 1160 4420 in
1187 4353 1363 4440 Tartaro),
1400 4357 1538 4422 εοαάανα
1569 4355 1620 4422 uls
1649 4375 1696 4421 re-

381 4461 614 4539 prdseatuotea
645 4456 757 4540 ewiper
789 4456 928 4538 strafeu,
966 4457 1018 4522 die
1050 4461 1139 4525 uiolet
1169 4480 1234 4525 nur
1264 4461 1311 4526 aie
1347 4461 1391 4524 im
1421 4460 1555 4542 jenseits
1585 4461 1697 4543 trater

385 4596 429 4607 —
451 4559 499 4627 sie
521 4558 806 4628 Wilamowitzius
829 4559 870 4626 de
895 4559 950 4627 his
974 4562 1149 4650 suppliciis
1179 4563 1310 4631 iudieat
1332 4563 1430 4649 (hom.
1454 4568 1583 4632 nnters.
1606 4563 1697 4650 202).

478 4810 505 4876 1)
524 4805 648 4862 Eundem
666 4805 696 4861 in
713 4804 822 4862 modum
837 4806 955 4863 Weilius
971 4806 1006 4862 ds
1026 4808 1188 4865 Prometheo
1207 4808 1312 4866 iudicat
1332 4811 1441 4881 (Aesoh.
1455 4811 1545 4867 Prom.
1562 4809 1605 4867 ed.
1617 4810 1697 4879 Weil,

387 4897 484 4953 essse
509 4898 584 4964 1864,
602 4914 628 4965 p.
648 4895 721 4964 vn).
