3659 5509
741 459 785 530 89

108 633 228 719 oritur,
251 633 382 705 Erebos
406 635 493 706 situs
515 640 578 720 est,
601 657 675 706 com
691 633 798 705 Nocte
815 634 986 706 artissime
1002 635 1207 705 coniunctus.
1243 634 1353 705 frater
1368 637 1423 706 est

106 738 237 811 Noctis.
282 763 367 833 qnae
391 746 504 812 autem
533 742 626 811 inter
647 741 797 812 Erebum
819 749 855 812 et
876 740 1019 811 Noctem
1042 740 1130 812 ratio
1153 741 1352 825 intercedat,
1379 763 1421 810 ex

106 847 192 936 ipsis
224 849 413 918 nominibus
445 849 546 919 facile
577 849 800 936 cognoscitur.
846 848 935 917 idem
965 853 1019 918 est
1045 847 1177 918 Erebus
1208 853 1310 938 atque
1332 845 1420 932 Nox,

108 951 175 1021 nisi
198 954 288 1043 quod
310 953 387 1023 Nox
409 952 453 1022 ad
474 958 616 1037 terram,
647 954 780 1021 Erebus
803 954 847 1023 ad
869 959 1076 1022 mortuorum
1098 953 1254 1041 regiones
1276 956 1422 1041 spectat.

106 1058 197 1126 inter
225 1059 366 1143 liberos,
396 1083 479 1147 quos
501 1059 578 1127 Nox
606 1059 778 1148 peperisse
801 1059 936 1143 dicitur,
967 1059 1090 1127 Estum
1114 1064 1168 1127 est
1195 1064 1230 1127 et
1252 1057 1365 1140 Mors,
1400 1079 1418 1125 c

107 1164 229 1252 quibus
251 1171 328 1233 arta
350 1165 441 1231 inter
456 1164 603 1232 Erebum
625 1170 661 1233 et
675 1164 817 1234 Noctem
839 1164 1028 1233 coniunctio
1045 1164 1164 1248 elucet,
1187 1185 1293 1253 neque
1308 1162 1417 1250 igitur

106 1267 299 1337 inconsulte
321 1268 441 1338 Noctis
470 1269 652 1337 liberorum
683 1270 780 1338 sedes
803 1269 897 1338 ultra
920 1270 1104 1353 Oceanum,
1139 1268 1161 1337 i.
1186 1291 1214 1338 e.
1237 1269 1272 1336 in
1295 1268 1417 1350 Erebo,

15 1359 16 1374 ¹
108 1380 245 1441 exstare
276 1374 434 1442 dicuntur
463 1377 510 1460 (v.
541 1375 629 1460 778).
685 1374 808 1443 ibidem
840 1375 950 1462 ipsum
983 1373 1124 1443 Noctem
1156 1373 1311 1442 habitare
1345 1373 1418 1441 iure

105 1478 307 1565 colligimus,
340 1480 477 1548 etiamsi
502 1503 533 1548 v.
556 1480 658 1566 74415
680 1484 820 1569 propter
841 1479 1079 1548 antecedentes
1101 1479 1143 1548 de
1165 1478 1324 1563 Tartaro,
1353 1501 1420 1545 non

108 1583 151 1651 de
174 1583 285 1652 Erebo
315 1606 418 1671 agere
450 1585 712 1673 cognoverimus.
746 1624 789 1634 -
824 1585 949 1674 optime
978 1585 1013 1651 in
1042 1585 1127 1652 hanc
1150 1584 1419 1652 observationem

107 1688 150 1755 de
180 1687 292 1757 Erebo
325 1690 467 1758 Hesiodi
498 1690 644 1780 quadret
675 1714 706 1758 v.
731 1691 812 1774 515,
849 1713 914 1779 qno
945 1689 1102 1780 Iuppiter
1134 1687 1339 1758 Menoetium
1372 1692 1421 1767 εἰς

104 1793 251 1880 Ἔρεβος
273 1793 448 1865 demisisse
471 1795 606 1863 dicitur.

196 1898 325 1981 Quodsi
347 1901 434 1968 unde
458 1900 712 1988 digrediendum
735 1906 812 1968 erat
833 1899 877 1969 ad
899 1900 1077 1969 Atlantem
1099 1899 1256 1982 redimus,
1284 1899 1420 1967 dubium

106 2025 174 2071 non
207 2010 276 2090 est,
310 2005 390 2094 quin
420 2013 456 2073 et
485 2006 558 2095 ipse
587 2006 621 2072 in
644 2005 756 2073 Erebo
786 2026 861 2073 csse
891 2004 1025 2073 dicatur
1054 2005 1168 2073 verbis
1200 2008 1355 2093 πείρασιν
1383 2004 1421 2072 ἐν

106 2111 205 2194 γαίης
227 2110 272 2196 (v.
295 2110 383 2196 518),
414 2133 555 2200 quorum
585 2132 704 2177 sensus
735 2111 778 2177 ab
806 2110 1050 2198 interpolatore
1080 2110 1269 2198 explicatur
1290 2134 1321 2178 v.
1345 2110 1419 2177 746.

108 2219 201 2281 ‘ante
218 2214 370 2283 Titanes'
386 2222 468 2299 stat,
493 2216 621 2284 caelum
636 2217 760 2299 ferens,
784 2215 873 2283 sicut
888 2215 1079 2284 Centimani
1095 2238 1235 2305 quoqne,
1259 2214 1421 2283 Titanum

108 2319 278 2404 custodes,
303 2324 392 2388 ‘ante
409 2320 561 2389 Titancs'
586 2325 679 2389 stare
703 2320 875 2406 cogitandi
899 2325 988 2387 sunt.
1026 2320 1081 2387 hic
1097 2320 1198 2388 etiam
1214 2319 1422 2408 Hesperides

108 2430 190 2491 sunt
213 2426 373 2512 virginee,
398 2427 518 2495 Noctis
541 2425 648 2512 filiue;
673 2434 709 2494 et
730 2426 881 2515 ipsarum
902 2430 937 2492 et
952 2425 1072 2493 matris
1087 2448 1215 2507 nomen,
1239 2448 1325 2513 quac
1341 2424 1421 2509 sint,

108 2528 248 2599 indicat.
293 2530 337 2598 ad
359 2554 443 2619 quas
466 2553 540 2598 cum
559 2531 724 2599 Hercules
746 2531 982 2620 proficiscitur,
1008 2554 1081 2599 eum
1103 2532 1139 2597 in
1154 2529 1301 2597 Erebum
1323 2530 1422 2619 profi·

109 2634 190 2702 cisci
210 2635 426 2704 manifestum
445 2641 508 2704 est.
553 2636 808 2723 transgreditur
824 2636 1003 2719 Oceanum,
1029 2635 1118 2703 sicut
1131 2635 1262 2720 Ulixes,
1285 2635 1423 2723 navigio

108 2762 191 2809 usus
214 2740 305 2808 Solis
328 2740 441 2823 calice,
466 2764 531 2830 quo
554 2741 628 2829 ipsc
651 2741 709 2810 Sol
734 2742 902 2809 Oceanum
926 2742 1120 2829 transgredi
1144 2741 1243 2824 solet,
1268 2741 1421 2825 Orthum,

108 2844 280 2934 Geryonis
311 2869 439 2930 canem,
470 2853 505 2914 et
534 2846 645 2935 ipsum
667 2846 900 2936 Eurytionem,
934 2847 1032 2914 boum
1055 2846 1210 2914 Plutonis
1239 2852 1420 2935 pastorem,

109 2956 219 3020 necat.
266 2951 394 3019 Orthus
427 2956 539 3019 autem
573 2952 753 3020 secundum
785 2952 969 3019 Hesiodum
999 2955 1045 3037 (v.
1070 2952 1256 3037 309-311)
1283 2951 1423 3020 Cerberi

108 3057 221 3124 frater
249 3062 303 3124 est
332 3056 571 3145 aparentibus
595 3056 780 3146 Typhaone
803 3057 971 3125 etaltera
995 3056 1163 3144 Gorgone.
1210 3063 1286 3124 tota
1307 3057 1424 3124 fabula

111 3163 186 3229 eius
217 3161 353 3229 videtur
383 3162 553 3229 simillima
581 3184 655 3229 esse
678 3201 721 3210 —
752 3162 788 3228 ni
811 3161 890 3228 olim
911 3160 1012 3250 plane
1036 3162 1152 3229 eadem
1174 3167 1251 3229 erat
1272 3198 1327 3245 -—,
1358 3185 1425 3250 qua

110 3266 278 3334 Hercules
301 3266 336 3333 in
360 3267 543 3334 Tartarum
565 3267 739 3353 ingressus
763 3264 945 3333 Cerberum
973 3266 1146 3355 rapuisse,
1180 3266 1203 3333 i.
1226 3289 1254 3334 e.
1278 3266 1423 3334 Cerbero

112 3377 274 3460 superato
296 3371 404 3460 ipsam
426 3370 569 3438 Mortem
600 3394 779 3459 superasse
803 3371 937 3439 dicitur.
983 3371 1153 3460 plerisque
1176 3394 1333 3440 vasorum
1356 3372 1425 3461 pic·

111 3477 202 3544 turis
225 3477 425 3544 vetustioris
454 3476 580 3544 aetatis
603 3475 769 3544 Cerberus
795 3477 883 3544 sicut
906 3475 1033 3544 Ortbus
1058 3476 1123 3544 duo
1146 3482 1279 3545 tantum
1309 3477 1423 3564 capita

112 3588 149 3648 et
180 3582 350 3670 serpentis
382 3581 520 3649 caudam
551 3582 678 3649 habens
711 3581 891 3667 effingitur,
926 3587 966 3647 ut
997 3581 1134 3648 dubium
1167 3583 1235 3649 iam
1265 3605 1332 3649 non
1362 3583 1421 3666 sit,

115 3687 197 3775 quin
221 3688 301 3754 olim
325 3686 452 3754 Orthus
483 3686 542 3754 vix
570 3693 720 3754 secretus
743 3687 847 3754 fuerit
869 3710 889 3755 a
911 3685 1066 3770 Cerbero,
1102 3687 1197 3753 cuius
1227 3686 1419 3754 simillimus

113 3794 198 3860 erat.
240 3814 307 3880 qna
328 3791 460 3859 ratione
483 3790 663 3858 secundum
686 3791 771 3859 hanc
793 3797 937 3859 naturae
960 3797 996 3857 et
1017 3791 1145 3857 formae
1168 3790 1422 3859 similitudinem

11 3923 12 3948 ³
113 3896 154 3965 de
176 3896 345 3982 Herculis,
368 3896 547 3984 Geryonis,
572 3897 795 3984 Hesperidum
810 3896 936 3963 fabulis
959 3895 1172 3962 iudicandum
1195 3895 1251 3978 sit,
1275 3896 1349 3983 ipse
1372 3896 1420 3962 di·

114 4000 241 4069 iudices
265 4001 320 4089 (cf.
343 4001 486 4068 Rcberti
517 4001 540 4069 l.
564 4002 588 4068 l.
615 4022 671 4091 pg.
694 4003 768 4069 808.
799 4001 873 4069 819.
922 4000 1092 4068 Gerhardi
1125 3999 1338 4068 vasculorum
1369 4001 1425 4068 de·

114 4105 253 4190 lectum,
286 4107 356 4174 tob.
382 4105 578 4191 rac-131).
624 4108 696 4195 ipse
719 4106 896 4194 Geryones
928 4112 1020 4173 certe
1051 4106 1131 4172 olim
1159 4105 1194 4172 in
1218 4105 1329 4172 Erebo
1353 4128 1427 4173 ver·

115 4219 211 4280 satus
234 4218 288 4279 est
311 4212 366 4295 (cf.
389 4211 532 4279 Roberti
554 4215 577 4279 l.
601 4211 623 4280 l.
647 4212 722 4278 819.
767 4211 856 4279 Mon.
881 4211 911 4278 d.
935 4210 1022 4278 Inst.
1045 4210 1099 4277 IX
1120 4211 1190 4277 tab.
1215 4211 1280 4296 15).

199 4315 290 4384 Num
321 4315 424 4382 Atlas
458 4316 535 4384 inde
570 4339 591 4383 a
627 4316 871 4383 vetustissimis
908 4314 1118 4404 temporibus
1154 4313 1282 4382 caelum
1319 4313 1425 4381 tulit?

119 4422 216 4488 aiunt
237 4419 524 4490 Wilamowitzius
547 4420 641 4508 (Eur.
665 4421 764 4489 Herc.
788 4419 847 4488 11¹
868 4421 913 4488 94
928 4444 1011 4510 sqq,
1035 4422 1088 4503 98)
1119 4424 1154 4487 et
1175 4416 1426 4487 Maximilianus

118 4525 278 4615 Meyerus
307 4526 484 4613 (gigunten
514 4526 582 4593 und
613 4526 761 4611 titanen,
795 4548 851 4615 pg.
874 4527 918 4593 86
934 4525 1030 4615 sqq.).
1085 4530 1123 4593 at
1150 4524 1217 4613 ipsi
1246 4530 1321 4592 arte
1353 4545 1428 4592 eum

121 4630 384 4717 coniungendum
407 4652 481 4699 esse
504 4636 540 4699 et
561 4638 685 4698 natura
707 4654 770 4699 sus
799 4632 1011 4700 coniunctum
1037 4653 1111 4698 cum
1131 4628 1277 4698 Tantalo
1302 4627 1427 4714 dicunt,

122 4737 177 4825 qui
210 4737 245 4802 in
269 4734 416 4803 Tartaro
446 4735 590 4822 lapidem
621 4758 778 4822 magnum
806 4736 896 4804 ferre
926 4734 1152 4825 compluribus
1181 4734 1264 4802 locis
1292 4732 1426 4817 dicitur,

120 4863 201 4930 quos
231 4839 402 4908 Porsenna
436 4840 479 4908 ed
511 4839 592 4908 Eur.
617 4840 750 4908 Orestis
782 4843 858 4908 ub
890 4841 1062 4928 congessit
1092 4840 1147 4928 (cf.
1171 4838 1428 4910 Wilsmowitzii

11 4971 12 4992 ¹
118 4945 249 5014 ‘homer
278 4945 427 5030 unters.',
459 4967 515 5033 pg.
539 4946 614 5013 201.
660 4945 792 5035 Meyeri
824 4971 855 5035 p.
883 4947 974 5029 89s9.
1018 4945 1161 5015 Roberti
1194 4946 1258 5015 ‘die
1292 4943 1427 5036 Nekyia
