3659 5509
754 421 798 490 73

206 595 261 665 Ex
293 596 346 665 his
378 595 530 665 omnibus
562 602 597 665 et
630 595 670 664 de
697 593 842 664 Atlante
876 599 913 664 et
946 594 987 662 de
1019 592 1216 661 Prometheo
1251 591 1284 658 in
1318 590 1430 659 Erebo

109 703 264 794 punitis,
296 703 384 772 siout
407 702 448 770 do
469 699 638 771 Menoetio
662 701 850 790 ceterisque
873 699 1064 784 Titanibus,
1094 699 1251 790 antiquos
1273 696 1431 788 primitus

110 810 295 880 fabulatos
318 832 393 879 esse
414 810 490 879 iure
512 807 673 900 colligere
695 807 776 879 mihi
799 806 925 880 videor.

674 1049 806 1140 Oeput
827 1048 871 1121 V.

494 1202 544 1282 llo
571 1202 840 1284 Titanomachia
870 1200 1055 1282 Hesiodea.

206 1345 398 1415 Promethei
420 1346 568 1415 fabulam
592 1348 626 1414 in
644 1348 838 1434 Theogonis
855 1345 1110 1414 Titanomachia
1133 1340 1259 1431 excipit
1281 1343 1326 1429 (v.
1339 1339 1426 1426 617),

115 1474 208 1540 quae
230 1477 262 1520 ν.
286 1454 350 1520 718
378 1453 591 1520 terminatur.
638 1454 678 1520 de
709 1462 783 1522 tota
812 1454 1008 1520 narratione
1035 1451 1194 1540 Meyerus
1217 1451 1250 1533 (ἐ
1273 1449 1306 1534 6)
1331 1469 1427 1532 saga-

112 1558 253 1625 cissime
277 1559 358 1644 egit,
382 1580 521 1646 quocum
544 1559 580 1626 in
602 1559 796 1627 universum
818 1582 870 1626 me
893 1557 1083 1625 consentire
1107 1554 1276 1644 profiteor.
1320 1573 1428 1640 neque

115 1662 226 1730 solum
259 1663 468 1751 interpolata
500 1669 571 1747 est,
606 1664 665 1732 sed
697 1665 799 1732 etiam
831 1663 1020 1751 compilata.
1072 1661 1188 1728 varias
1220 1657 1428 1725 narrationis

113 1775 236 1855 partes
258 1769 365 1836 variis
388 1791 407 1835 e
429 1769 581 1836 fontibus
603 1770 829 1858 interpolator
853 1769 982 1852 hausit,
1014 1768 1126 1834 itaut
1147 1787 1272 1854 paucos
1294 1770 1426 1832 tantum

116 1895 240 1941 versus
274 1874 348 1961 ipse
382 1874 546 1942 adiecisse
577 1876 744 1943 videatur.
800 1898 861 1942 neo
895 1873 1033 1940 ultimos
1067 1871 1273 1939 narrationis
1306 1891 1426 1938 versus

114 1980 320 2066 (713-718)
350 1979 423 2067 ipse
453 1979 600 2063 invenit,
633 2002 706 2046 oum
736 1979 907 2047 sententia
938 2001 1023 2067 quae
1054 1982 1108 2044 est
1135 1979 1216 2043 κατὰ
1239 1975 1429 2043 dicaturus

117 2083 269 2169 βελέεσσι
297 2089 453 2170 Τιτῆνας,
483 2085 538 2152 καὶ
562 2090 641 2164 τοὺς
663 2085 725 2171 μὲν
746 2087 813 2153 ὑπὸ
836 2089 963 2172 χθόνος
985 2084 1180 2169 εὐρυοδείης
1202 2080 1336 2167 πέμψαν
1357 2084 1426 2145 κτλ.

118 2189 165 2256 ad
187 2189 283 2256 finem
307 2189 471 2276 perducta
492 2213 556 2257 non
582 2190 638 2256 sit.
685 2190 973 2258 Titanomachiam
1003 2194 1115 2256 autem
1137 2187 1233 2255 foede
1256 2185 1430 2252 mutilavit

117 2294 354 2383 interpolator,
389 2304 428 2360 ut
456 2294 587 2363 facilem
619 2295 663 2362 ad
693 2295 832 2362 Tartari
862 2295 1120 2381 descriptionem
1150 2293 1332 2359 transitum
1362 2287 1428 2356 sibi

117 2405 266 2487 pararet.
311 2400 397 2468 hane
420 2399 708 2469 Titanomachiam
730 2407 766 2467 et
788 2423 861 2467 cum
878 2400 1018 2469 Tartari
1042 2397 1266 2485 descriptione
1289 2395 1428 2482 abipso

116 2504 362 2593 interpolatore
392 2506 603 2572 coniunctam
632 2529 707 2573 esse
741 2514 776 2573 et
806 2505 885 2572 clim
913 2529 969 2572 vv.
993 2504 1176 2571 881-885
1210 2501 1425 2569 terminatam

118 2608 226 2676 fuisse
249 2609 408 2698 Meyer-us
431 2611 617 2693 contendit,
650 2611 706 2699 qui
729 2634 849 2679 versus
871 2634 960 2678 nunc
981 2607 1178 2676 narratione
1200 2607 1241 2673 de
1265 2605 1429 2693 Typhone

118 2716 263 2802 pessime
293 2716 497 2803 interposita
529 2716 826 2785 aTitanomaehia
849 2722 1080 2783 secernuntur.
1126 2717 1228 2799 atque
1257 2712 1318 2776 hoe
1347 2732 1428 2777 sane

119 2826 174 2887 est
196 2819 440 2887 concedendum
463 2819 547 2907 ipsis
570 2821 726 2888 versibus
748 2823 849 2901 88115
873 2844 991 2889 versus
1006 2819 1181 2886 820-886
1197 2814 1428 2903 interpolatos

119 2948 194 2994 esse
227 2925 379 2992 indicari.
437 2925 724 2994 Titanomachiam
762 2927 910 3014 aliquam
949 2949 1005 2992 eos
1040 2925 1118 2991 olim
1156 2921 1359 2991 conclusisse
1392 2920 1427 2985 in

120 3038 238 3119 aperto
272 3039 333 3098 est.
395 3053 481 3118 quae
520 3039 632 3098 autem
671 3032 776 3098 fuerit
809 3031 872 3098 illa
905 3029 1176 3108 Titanomachia,
1215 3028 1316 3095 etiam
1349 3030 1428 3113 post

118 3135 293 3225 Meyerum
330 3157 395 3201 non
430 3136 551 3203 inutile
585 3137 653 3203 erit
685 3159 857 3224 quaerere.
919 3158 997 3201 num
1033 3135 1121 3202 enim
1158 3155 1238 3200 vere
1272 3130 1426 3199 versibus

117 3240 220 3326 88116
246 3262 318 3306 cum
342 3264 373 3306 v.
397 3240 462 3307 718
492 3241 678 3307 coniunctis
710 3241 830 3306 bonum
862 3240 1068 3307 narrationis
1099 3261 1257 3305 conexum
1287 3246 1323 3305 et
1352 3259 1427 3304 con-

119 3346 301 3412 clusionem
335 3344 525 3427 efficiamus,
562 3346 689 3413 dubito.
721 3384 765 3394 -
798 3368 897 3434 quam
930 3345 973 3411 ad
1006 3367 1075 3412 rem
1108 3342 1354 3411 diiudicandum
1387 3342 1428 3408 de

121 3449 376 3518 Titanomachia
404 3449 573 3517 Hesiodea
603 3452 833 3538 quaestionem
868 3450 1047 3517 instituere
1079 3471 1215 3516 necesse
1247 3455 1309 3516 est.
1354 3447 1427 3535 ipse

119 3554 279 3642 Meyerus
308 3553 463 3621 versibus
485 3555 636 3622 644-86
660 3563 695 3623 et
717 3557 869 3624 713-19
900 3555 1086 3622 coniunctis
1116 3555 1238 3621 bonum
1268 3574 1427 3619 versuum

120 3682 278 3727 conexum
305 3659 390 3726 effici
420 3662 545 3728 statuit
567 3661 612 3748 (p.
635 3663 691 3748 52)
721 3684 827 3750 neque
858 3684 932 3728 eum
962 3660 1053 3745 fugit
1082 3665 1190 3725 totum
1220 3657 1426 3725 narrationis

120 3763 255 3834 aliunde
287 3772 440 3852 sumptae
472 3774 704 3852 argumentum
737 3789 775 3833 eo
806 3766 946 3833 consilio
977 3770 1142 3831 mutatum
1174 3785 1248 3830 esse
1282 3763 1324 3829 ab
1353 3762 1426 3849 ipso

120 3869 378 3958 interpolatore,
411 3877 447 3936 ut
472 3873 651 3938 Centimaui
684 3880 785 3939 asserat
815 3874 857 3950 ei,
887 3893 1020 3954 quorum
1050 3871 1158 3936 roceo
1177 3875 1280 3935 cetera
1306 3870 1426 3950 flereat.

119 3978 239 4059 itaque,
271 3974 398 4063 inquit,
431 3997 509 4059 quoe
540 3978 607 4042 idtio
636 3981 696 4062 (sc.
719 3978 754 4044 in
785 3975 933 4043 carmine
963 3973 1137 4062 deperdito
1161 3971 1428 4058 Titanomachia)

118 4102 272 4147 summme
304 4084 481 4164 orpommti
516 4081 691 4164 0160106001
726 4121 770 4130 -
807 4083 895 4148 Iovis
932 4082 1117 4162 deorumque
1153 4085 1265 4145 cocto
1297 4078 1430 4143 Titanes

10 4205 11 4266 J
118 4185 230 4251 tellum
265 4235 374 4253 .....
408 4222 450 4233 -
483 4186 533 4251 laic
569 4188 603 4251 io
634 4180 819 4268 parartleii
853 4189 1052 4271 afferuntur,
1093 4191 1128 4249 ut
1161 4184 1285 4249 lectores
1323 4182 1428 4265 aliquo

119 4292 209 4358 ruodo
233 4292 419 4358 edoceantur
445 4291 491 4378 (p.
514 4290 582 4374 52).
626 4291 741 4379 itaque
772 4290 1045 4359 Centimanorum
1076 4288 1190 4376 potius
1220 4310 1318 4376 quam
1353 4287 1429 4354 deo·

119 4417 192 4461 rum
214 4417 288 4461 cum
311 4395 490 4462 Titanibus
520 4416 665 4482 pugnam
697 4403 798 4483 poeta
828 4418 970 4463 narrare
993 4396 1139 4462 videtur.
1184 4393 1294 4480 ipsum
1322 4391 1429 4478 igitur

118 4499 397 4587 interpolatorem
420 4523 475 4566 vv.
498 4498 600 4582 88116
628 4500 798 4567 invenisse
827 4500 998 4581 censebis,
1030 4499 1151 4588 quibus
1175 4496 1366 4565 Centimani
1387 4519 1429 4563 ne

119 4612 418 4672 commemorantur
446 4605 604 4691 quidem?
647 4627 689 4671 ne
718 4605 875 4672 versibus
904 4605 1078 4672 687-699
1108 4602 1242 4692 quidem
1264 4602 1334 4681 dei,
1369 4600 1428 4668 sed

118 4732 204 4776 unns
227 4709 383 4797 Iuppiter
404 4731 557 4797 pugnare
580 4709 713 4777 dicitur.
757 4715 895 4798 praeter
918 4732 1037 4778 versus
1061 4708 1222 4791 617-43,
1250 4729 1333 4796 quos
1355 4706 1428 4794 ipse

10 4829 11 4886 ἶ
118 4813 346 4901 interpolator
368 4814 509 4896 invenit,
533 4818 573 4880 ut
595 4815 751 4882 carminis
776 4814 865 4903 quod
888 4814 1061 4901 expilabat
1083 4819 1199 4901 partes
1223 4835 1298 4880 cum
1322 4810 1427 4878 Theo·

10 4985 11 4988 ,
120 4918 221 5006 genia
254 4918 368 5008 aliquo
402 4920 498 4988 modo
530 4918 764 5007 coniungeret,
812 4942 855 4989 ne
884 4920 1039 4988 versibus
1069 4919 1191 5005 644168
1221 4915 1354 5006 quidem
1383 4916 1425 4985 de
