3659 5509
1029 417 1073 487 68

482 591 603 682 Itaque
620 613 776 661 versuum
787 591 962 660 729-806
978 597 1088 681 poeta,
1105 594 1163 682 qui
1179 593 1361 663 Tartarum
1378 594 1570 663 describere
1585 593 1713 678 voluit,

397 698 553 785 regiones
576 698 766 788 descripsit,
796 721 881 787 quae
903 698 997 765 ultra
1020 698 1188 766 Oceanum
1211 705 1301 783 sunt,
1331 723 1352 768 a
1375 700 1428 767 dis
1450 700 1712 787 hominibusque

394 810 554 871 secretae.
600 827 681 871 sane
703 804 806 872 etiam
829 825 945 872 verum
969 803 1152 872 Tartarum
1179 805 1437 873 subterraneum
1459 811 1708 887 commemorat,

393 932 477 998 quas
500 909 585 976 duas
615 908 804 977 sententias
832 909 885 977 ita
914 909 1109 976 commixtas
1139 933 1214 978 esse
1238 911 1408 995 videmus,
1439 917 1478 979 nt
1501 910 1601 979 valde
1624 910 1710 975 mibi

393 1015 440 1081 sit
463 1013 609 1098 dubium,
634 1036 678 1081 an
699 1036 820 1081 versus
844 1014 900 1103 qui
926 1014 966 1081 de
990 1013 1137 1082 Tartaro
1160 1021 1267 1101 agunt
1289 1038 1462 1084 removere
1484 1016 1588 1084 liceat
1611 1015 1710 1101 (sunt

391 1144 447 1189 vu.
472 1119 654 1201 722-728,
684 1120 874 1202 740-745,
905 1120 1102 1207 rer-792).
1154 1120 1252 1187 immo
1284 1120 1393 1209 ipsum
1425 1119 1708 1209 interpolatorem

391 1225 500 1292 minus
523 1224 733 1292 intellexisse
757 1225 915 1307 arbitror,
948 1246 1034 1312 quae
1058 1225 1224 1293 similibus
1247 1225 1397 1293 fortasse
1420 1226 1708 1314 descriptionibus

390 1353 473 1399 usus
496 1334 663 1397 narraret.
709 1351 795 1418 quae
818 1337 931 1397 autem
955 1330 1025 1397 sint
1046 1330 1201 1416 regiones
1225 1330 1318 1398 ultra
1336 1331 1503 1399 Oceanum
1527 1330 1708 1419 Odysseae

393 1435 596 1504 carminibus
625 1459 646 1500 κ
678 1440 713 1502 et
742 1439 761 1500 l
791 1435 995 1523 comparatis
1025 1435 1249 1522 intellegitur.
1294 1435 1414 1504 Ulixes
1444 1437 1531 1505 enim
1562 1435 1708 1503 aCirca

395 1541 428 1627 (κ
449 1541 515 1607 490
537 1539 624 1628 sqq.)
657 1539 790 1606 ἱκέσθαι
822 1543 870 1617 εἰς
897 1539 1008 1607 Ἀίδαο
1042 1540 1168 1623 δόμους
1198 1540 1253 1607 καὶ
1286 1540 1424 1626 ἐπαινῆς
1451 1545 1706 1629 Περσεφονείης

392 1645 538 1727 iubetur,
563 1649 603 1710 ut
626 1666 643 1711 e
661 1643 796 1711 Tiresia
816 1651 894 1712 vate
916 1644 1063 1712 reditum
1082 1650 1234 1733 quaerat.
1280 1668 1345 1735 qno
1367 1653 1407 1713 ut
1428 1645 1605 1735 perveniat
1628 1668 1705 1712 eum

394 1751 561 1818 Oceanum
591 1748 784 1835 transgredi
817 1772 953 1818 necesse
986 1759 1055 1834 est,
1090 1750 1147 1839 qui
1179 1758 1297 1838 aperte
1327 1750 1483 1818 Plutonis
1513 1772 1654 1837 regnum
1683 1772 1706 1816 a

393 1863 489 1924 terra
520 1853 676 1922 secernit.
732 1853 877 1922 alteram
908 1855 952 1922 ad
984 1855 1091 1944 ripam
1124 1855 1249 1924 Oceani
1282 1879 1369 1924 nave
1398 1856 1523 1924 relicta
1554 1856 1629 1944 ipse
1660 1854 1706 1922 ad

393 1961 550 2028 Plutonis
573 1959 704 2026 domum
727 1960 884 2027 accedere
907 1960 1044 2028 iubetur
1067 1960 1113 2046 (v.
1130 1962 1195 2029 510
1207 1962 1305 2049 sqq).
1349 1967 1426 2030 tota
1442 1960 1537 2048 regio
1552 1961 1704 2029 tenebris

392 2074 513 2155 operta
535 2071 589 2132 est
610 2086 671 2132 nec
692 2086 848 2152 nmquam
871 2064 954 2131 solis
977 2065 1102 2133 lumine
1125 2066 1285 2134 tenebrae
1308 2066 1477 2134 tolluntur
1499 2070 1533 2152 (λ
1548 2065 1705 2152 10—22).

391 2172 510 2240 Ulixes
532 2170 567 2236 in
590 2169 704 2236 limine
726 2175 799 2237 stat
819 2169 977 2237 Plutonis
999 2170 1106 2257 regni,
1131 2178 1337 2239 mortuorum
1359 2172 1500 2255 animae,
1529 2193 1703 2239 sacrorum

391 2276 554 2364 sanguine
577 2274 738 2359 allicitae,
760 2273 841 2356 ὑπὲξ
865 2274 999 2362 ἐρέβεος
1021 2275 1116 2344 Ulixi
1138 2277 1420 2365 appropinquant.
1458 2278 1562 2345 verbo
1585 2279 1704 2363 ἔρεβος

389 2384 444 2450 hic
472 2382 561 2449 idem
592 2386 710 2468 aperte
742 2379 954 2466 significatur
983 2381 1073 2469 quod
1095 2380 1310 2468 Theogoniae
1343 2381 1570 2470 interpolator
1598 2385 1704 2466 ζόφον

391 2487 550 2576 ἠερόεντα
584 2485 683 2567 dicit,
719 2507 783 2573 quo
817 2508 845 2553 e.
868 2509 901 2572 g.
933 2485 1075 2555 Titanes
1109 2487 1272 2554 celantur.
1329 2487 1373 2555 ad
1407 2489 1515 2576 ipsum
1544 2486 1703 2555 Plutonis

389 2615 529 2681 regnum
552 2590 708 2678 pervenit
729 2589 858 2670 Ulixes,
882 2591 972 2678 quod
994 2593 1037 2658 ab
1061 2591 1193 2659 Oceano
1216 2592 1429 2660 terminatur.

476 2696 583 2764 Miror
606 2694 695 2783 quod
716 2694 868 2762 Robdius
892 2693 1061 2783 (Tsyebe’
1085 2695 1125 2762 Ι8
1147 2720 1202 2784 pg.
1225 2697 1318 2782 5314)
1342 2697 1545 2765 carminibus
1571 2721 1592 2762 κ
1619 2703 1656 2763 et
1683 2703 1703 2763 λ

389 2803 491 2871 aliam
523 2801 564 2868 de
594 2806 802 2867 mortuorum
835 2822 939 2887 regno
971 2801 1174 2868 sententiam
1205 2804 1308 2889 atque
1341 2801 1463 2870 Iliadis
1495 2802 1701 2870 carminibus

390 2906 537 2997 proferri
570 2913 683 2992 negat.
735 2905 844 2972 locum
876 2905 920 2973 ad
949 2928 1046 2994 quem
1069 2905 1188 2975 Ulixes
1218 2907 1376 2994 pervenit
1408 2907 1536 2975 aditum
1566 2913 1702 2974 tantum

391 3011 531 3081 Tartari
554 3009 768 3078 subterranei
792 3032 867 3079 esse
889 3011 1074 3078 contendit.
1119 3012 1253 3079 minime
1268 3018 1381 3080 antem
1401 3013 1450 3080 sic
1473 3035 1503 3081 e.
1516 3037 1549 3100 g.
1565 3034 1702 3080 versum

389 3145 410 3186 κ
432 3118 495 3186 512
518 3115 718 3202 intellegere
740 3113 830 3199 licet,
854 3138 920 3204 quo
942 3114 1060 3184 Ulixes
1083 3118 1213 3206 apertis
1235 3117 1349 3185 verbis
1374 3121 1437 3195 εἰς
1457 3117 1570 3185 utrae
1595 3117 1703 3203 όόμον

390 3225 556 3308 εὐρώεντα
578 3220 628 3288 ire
650 3220 796 3287 iubetur.
841 3220 884 3288 ad
907 3221 1047 3288 eundem
1070 3244 1213 3304 sensum,
1237 3244 1303 3289 non
1325 3222 1429 3290 alium
1452 3221 1622 3311 quadrant
1644 3246 1700 3290 vv.

390 3329 453 3396 527
467 3350 548 3416 sqq,
566 3325 686 3415 quibus
706 3325 900 3412 εἰςἝρεβος
914 3326 1059 3411 στρέψας
1075 3349 1154 3394 oves
1170 3326 1341 3395 immolare
1359 3327 1507 3395 iubetur.
1537 3326 1700 3395 Anticlea

389 3439 499 3501 mater
527 3452 569 3498 ex
590 3430 692 3497 Ulixe
722 3452 786 3518 quo
816 3430 912 3497 modo
942 3431 1009 3498 ὑπὸ
1034 3431 1138 3518 ζόφον
1164 3432 1320 3517 ἠερόεντα
1350 3432 1544 3519 pervenerit
1574 3432 1701 3500 mirata

390 3537 540 3627 quaerit,
571 3558 645 3603 cum
667 3557 706 3602 eo
728 3534 907 3623 pervenire
936 3535 1079 3603 mortuis
1102 3542 1235 3603 tantum
1264 3537 1367 3604 liceat
1389 3537 1421 3623 (λ
1445 3539 1534 3621 155),
1579 3536 1700 3605 Ulixes

387 3645 462 3732 ipse
495 3664 531 3709 se
564 3640 770 3709 necessitate
804 3645 956 3707 coactum
987 3645 1036 3719 εἰς
1063 3642 1172 3709 Ἀίδαο
1205 3643 1402 3730 pervenisse
1433 3642 1519 3710 dicit
1549 3642 1582 3728 (l
1612 3643 1701 3730 164).

388 3770 469 3836 ergo
502 3747 670 3815 Oceanum
702 3753 940 3832 transgressus
974 3746 1048 3833 ipso
1082 3746 1116 3813 in
1146 3746 1258 3815 Erebo
1289 3752 1357 3832 est,
1391 3770 1458 3814 non
1487 3748 1595 3815 solum
1625 3748 1699 3816 loco

388 3854 510 3943 aliquo,
534 3851 622 3919 unde
643 3853 679 3918 in
702 3851 884 3919 Tartarum
905 3851 1084 3940 pervenire
1107 3852 1219 3920 liceat.

474 3957 592 4045 Neque
622 3957 664 4025 ab
686 3956 835 4023 Hesiodo
867 3957 949 4024 baec
981 3957 1023 4024 de
1056 3964 1263 4025 mortuorum
1297 3956 1493 4044 regionibns
1527 3959 1699 4027 sententia

388 4064 499 4135 aliena
533 4070 596 4131 est.
655 4084 819 4151 nusquam
854 4062 942 4129 enim
977 4062 1117 4131 Tartari
1150 4063 1275 4130 mentio
1309 4062 1365 4147 fit,
1400 4062 1467 4130 nisi
1499 4087 1531 4130 v.
1566 4062 1631 4129 119
1664 4068 1700 4131 et

387 4170 544 4239 versibus
567 4168 644 4235 inde
667 4190 734 4236 av.
746 4167 821 4248 617,
845 4190 929 4256 quos
944 4166 1102 4255 Meyerus
1124 4167 1349 4257 interpolatos
1364 4191 1439 4236 esse
1454 4169 1698 4257 comprobavit.

387 4277 490 4344 etiam
508 4298 538 4342 v.
555 4274 618 4341 119
640 4272 861 4341 removendus
884 4280 948 4357 est,
970 4273 1028 4362 qui
1051 4280 1142 4341 certe
1165 4273 1207 4340 ab
1230 4274 1426 4342 auctoribus
1450 4273 1697 4361 antiquissimis

385 4381 574 4468 ignoratur,
607 4402 652 4448 sc.
677 4378 877 4459 aPlatone,
909 4377 1115 4464 Aristotele,
1148 4377 1236 4446 aliis.
1282 4377 1450 4446 Tartarus
1473 4379 1590 4465 igitur,
1622 4379 1645 4446 i.
1668 4402 1696 4447 e.

386 4485 542 4554 Plutonis
573 4507 714 4571 regnum
746 4483 1016 4566 subterraneum,
1052 4483 1184 4550 omnino
1218 4481 1260 4550 ab
1288 4482 1436 4551 Hesiodo
1468 4483 1599 4551 alienus
1632 4490 1695 4552 est.

385 4592 449 4660 hac
471 4592 579 4677 igitur
601 4591 643 4659 de
666 4612 783 4674 causa,
818 4610 885 4656 non
920 4611 974 4671 ea,
1006 4588 1094 4677 qnod
1116 4588 1218 4656 facile
1241 4590 1289 4656 sit
1311 4611 1384 4657 eam
1406 4610 1592 4672 removere,
1622 4593 1697 4655 tota

386 4696 527 4766 Tartari
551 4695 733 4784 descriptio
749 4694 951 4762 removenda
973 4700 1027 4761 est
1045 4693 1100 4781 (cf.
1113 4691 1356 4779 Wilamowitz,
1372 4692 1454 4761 Eur.
1467 4693 1567 4761 Herc.
1580 4691 1617 4759 1²
1631 4692 1695 4780 90).

384 4803 483 4871 immo
507 4801 639 4870 Erebus
662 4805 724 4884 est,
747 4799 806 4867 ubi
822 4799 964 4867 Titanes
987 4797 1157 4888 ceterique
1180 4798 1344 4883 celantur,
1368 4804 1462 4867 terre
1484 4798 1577 4867 ultra
1594 4796 1695 4866 Ocea·

384 4933 464 4979 num
485 4908 600 4999 posita
622 4915 657 4977 et
678 4908 851 4997 perpetuis
874 4906 1024 4976 tenebris
1048 4905 1180 4975 obruta.
1225 4905 1268 4973 ad
1292 4927 1484 4995 vesperam,
1509 4904 1597 4976 unde
1619 4903 1695 4976 Nox
