3659 5509
1035 465 1079 534 22

392 673 466 720 oum
488 645 575 717 enim
597 641 777 715 secundum
799 648 955 710 naturam
979 664 1018 710 ae
1040 639 1205 708 rationem
1228 643 1303 708 arte
1327 660 1400 707 oum
1417 637 1492 726 ipsa
1507 636 1703 707 Promethei

392 754 510 823 fabula
532 752 747 828 cohaereant,
775 748 926 817 fabulam
947 746 1142 816 ‘Pandorae’
1165 768 1263 835 quam
1282 744 1399 814 dicunt
1420 746 1462 814 ab
1484 746 1545 813 hoe
1565 744 1701 833 quidem

392 861 464 929 loco
487 856 672 926 excludere
695 854 866 923 videntur.

481 962 688 1051 Priusquam
726 965 838 1030 autem
875 981 940 1048 quo
972 957 1045 1025 iure
1078 956 1273 1025 ‘Pandorae’
1303 956 1421 1024 fabula
1450 957 1559 1024 locum
1588 961 1709 1024 teneat

394 1090 607 1159 quaeramus,
645 1067 686 1135 de
718 1088 843 1134 conexu
872 1064 1064 1132 fabularum
1091 1063 1211 1151 quibus
1240 1061 1281 1130 de
1307 1062 1425 1150 primis
1458 1062 1564 1129 saeris
1596 1068 1633 1129 et
1664 1061 1708 1128 de

394 1173 485 1260 ignis
520 1173 614 1240 furto
653 1171 767 1259 agitur
808 1169 1039 1258 quaestionem
1075 1167 1304 1235 instituamus.
1367 1189 1507 1256 quarum
1549 1189 1712 1234 conexum

397 1300 563 1368 quaerere
586 1284 769 1365 propterea
792 1273 912 1342 inutile
944 1296 1010 1340 non
1033 1274 1109 1356 erit,
1142 1272 1231 1361 quod
1255 1271 1465 1353 Welclxerus,
1496 1271 1707 1361 Koechlyus‚

396 1383 582 1464 Prellerus,
605 1382 777 1448 Robertus
800 1381 841 1447 de
863 1402 901 1447 eo
926 1378 1178 1446 dubitaverunt.
1224 1385 1404 1445 secernunt
1430 1378 1517 1444 euim
1539 1377 1607 1445 viri
1631 1377 1707 1444 doc·

401 1486 528 1554 tissimi
551 1486 701 1553 fraudem
717 1484 907 1552 Meconeam
932 1484 974 1550 ab
996 1482 1086 1568 ignis
1109 1481 1211 1566 furto,
1235 1504 1319 1571 quas
1342 1482 1477 1549 fabulas
1499 1482 1542 1549 ab
1562 1481 1714 1549 Hesiodo
1819 1497 1820 1532 1

401 1593 532 1661 demum
554 1591 590 1659 in
612 1612 712 1658 unam
736 1589 930 1656 coniunctas
953 1609 1028 1654 csse
1052 1588 1265 1655 contendunt.
1311 1587 1460 1654 fabulam
1477 1587 1715 1673 aetiologicam

402 1702 559 1764 vetustae
581 1694 773 1762 Promethei
803 1693 938 1761 fabulae
961 1697 1091 1779 partem
1115 1694 1282 1778 integram
1305 1698 1384 1758 ante
1399 1692 1583 1759 Hesiodum
1607 1693 1715 1759 fnisse
1819 1707 1820 1716 ’

400 1806 503 1888 negat
520 1799 732 1882 Welclxerus‚
755 1799 790 1865 ni
806 1797 919 1880 fallor,
943 1798 1072 1885 primus
1096 1799 1283 1881 (comment.
1300 1797 1425 1883 Theog.
1444 1797 1562 1882 130113
1587 1797 1714 1882 grieoh.

399 1905 537 1993 glitterl.
559 1903 683 1991 1768).
729 1910 932 1990 argumenta
954 1902 1075 1990 quibus
1099 1907 1134 1969 et
1150 1901 1350 1969 Welokcrus
1369 1908 1404 1967 et
1426 1902 1530 1968 ceteri
1551 1902 1710 1970 nituntur

396 2009 628 2098 mythologice
651 2014 741 2075 sunt.
774 2006 1010 2093 aetiologicam
1032 2007 1119 2073 enim
1134 2006 1283 2074 fabulam
1306 2014 1376 2074 tam
1399 2013 1556 2075 vetustae
1580 2008 1708 2074 aetatis

400 2115 544 2203 speciem
566 2135 649 2201 prae
676 2135 712 2180 se
735 2112 826 2179 ferre
849 2135 948 2201 quam
971 2112 1119 2180 fabulam
1143 2112 1184 2179 de
1206 2113 1284 2198 igne
1307 2119 1406 2200 rapto
1422 2118 1558 2196 negant.
1604 2135 1713 2201 neque

401 2219 537 2286 dubium
569 2223 633 2300 est,
665 2218 746 2306 quin
778 2217 1021 2285 vetustissimis
1051 2218 1118 2285 iam
1150 2218 1356 2305 temporibus
1385 2217 1606 2284 Prometheus
1636 2239 1710 2282 cnm

399 2325 478 2410 igne
502 2322 673 2391 artissime
696 2322 802 2389 fuerit
832 2323 1038 2390 coniunctus.
1084 2322 1187 2389 talem
1210 2329 1322 2389 autem
1351 2321 1510 2404 fabulam,
1547 2345 1635 2410 quae
1667 2322 1713 2389 ad

297 2481 302 2486 .
400 2451 513 2496 rerum
535 2435 693 2494 naturam
716 2433 752 2493 et
779 2426 1044 2513 intellegendam
1076 2435 1111 2494 et
1134 2427 1365 2515 explicandam
1390 2428 1548 2515 pertinet,
1581 2426 1717 2493 omnino

403 2532 603 2600 vetustioris
620 2531 746 2599 aetatis
769 2554 844 2598 esse
860 2554 959 2620 quam
975 2532 1120 2614 fabulas,
1145 2555 1230 2619 quae
1247 2532 1290 2600 ad
1306 2530 1522 2620 explicandas
1545 2531 1716 2597 hominum

405 2637 639 2706 institutiones
664 2635 987 2725 consuetudinesque
1017 2638 1175 2703 inventae
1199 2643 1288 2721 sunt,
1319 2638 1390 2704 veri
1420 2644 1475 2705 est
1496 2635 1716 2703 simillimum.

402 2742 462 2810 sed
485 2742 537 2809 his
559 2742 595 2808 in
618 2741 719 2808 rebus
750 2747 843 2809 certa
876 2747 1075 2827 argumenta
1107 2743 1259 2829 proferre
1291 2741 1521 2808 difficillimum
1545 2747 1608 2820 est,
1642 2763 1718 2807 oum

402 2848 512 2913 minus
528 2846 684 2913 fallacem
701 2846 791 2912 viam
814 2847 981 2933 praebeat
995 2847 1172 2913 verborum
1191 2847 1439 2934 interpretatio.
1486 2868 1546 2912 uec
1560 2846 1596 2911 ni
1612 2845 1718 2911 fallor

402 2952 436 3017 in
471 2951 556 3039 ipsis
586 2950 728 3018 Hesiodi
762 2951 875 3018 verbis
910 2951 1033 3017 desunt
1065 2950 1199 3032 indicia,
1234 2952 1355 3039 quihus
1386 2950 1569 3017 Hesiodum
1605 2951 1717 3037 ipsum

404 3056 522 3124 harum
544 3055 735 3122 fabularum
759 3055 1063 3140 conglutinatorem
1086 3056 1261 3123 exstitisse
1283 3057 1358 3124 veri
1381 3056 1490 3122 simile
1512 3055 1582 3122 fiat.

488 3159 540 3227 De
562 3182 744 3248 progressu
769 3161 975 3227 narrationis
997 3167 1075 3247 post
1089 3183 1223 3227 versum
1240 3162 1304 3226 557
1326 3163 1392 3228 iam
1416 3183 1518 3248 supra
1540 3160 1594 3244 egi
1614 3167 1719 3247 atque

403 3265 516 3354 priore
550 3265 746 3331 narratione
780 3271 975 3351 sequentem
1008 3264 1074 3331 iam
1108 3267 1306 3353 praeparari
1339 3266 1461 3331 monui.
1508 3265 1568 3330 hoo
1603 3271 1718 3331 autem

406 3370 518 3436 faeere
540 3373 661 3456 poetae
677 3376 802 3436 estnec
826 3368 889 3436 tali
912 3391 950 3435 re
963 3377 1075 3435 cetera
1091 3371 1212 3457 quibus
1226 3371 1422 3436 insistamus
1436 3369 1582 3455 vestigia
1609 3367 1718 3434 deleri
1818 3427 1819 3440 ἶ

405 3481 466 3540 aut
488 3472 661 3540 obscurari
686 3473 818 3540 debent.
863 3473 898 3538 in
930 3474 1122 3540 memoriam
1153 3474 1216 3541 tibi
1245 3496 1404 3541 revocare
1427 3473 1523 3540 lubet
1545 3472 1721 3540 Meconem
1818 3453 1819 3472 ¹

406 3600 490 3659 esse,
521 3578 579 3644 ubi
601 3577 741 3644 ultimae
764 3577 932 3643 homiuum
962 3578 1162 3666 deorumque
1186 3579 1341 3645 convivia
1373 3579 1467 3645 fiunt.
1512 3601 1589 3644 num
1613 3578 1719 3644 ctiam

404 3682 494 3768 ignis
505 3680 665 3749 Meconac
688 3687 808 3769 raptus
831 3705 905 3749 esse
929 3682 1076 3750 dicitur?
1099 3690 1190 3751 certe
1210 3684 1349 3750 disertis
1362 3685 1474 3750 verbis
1498 3705 1562 3749 non
1579 3682 1718 3748 dieitur.

404 3793 450 3869 at,
475 3786 576 3867 dices,
601 3787 707 3854 semel
730 3787 888 3854 Meconae
910 3809 1027 3855 nomen
1052 3788 1170 3854 afferri
1194 3789 1279 3854 satis
1303 3794 1388 3855 crat.
1433 3811 1540 3876 neque
1555 3787 1719 3872 Meyerus

403 3891 506 3958 aliter
536 3891 679 3959 iudicat:
715 3893 842 3976 deinde,
872 3892 996 3979 inquit,
1026 3896 1096 3958 sice
1117 3894 1210 3959 dubio
1236 3895 1304 3959 clia
1330 3896 1414 3959 inter
1436 3896 1508 3960 deos
1531 3899 1559 3958 et
1580 3893 1722 3958 homiues

402 3996 636 4077 dispertiantur
658 3997 694 4061 in
718 3997 850 4062 concilio
867 3997 1034 4062 Maeones:
1056 3999 1093 4062 in
1115 3999 1166 4063 his
1187 3998 1326 4063 homines
1347 4004 1482 4079 poscunt
1505 3999 1658 4062 cicurum
1679 3999 1720 4062 τὸ

404 4108 482 4186 πῦρ,
505 4100 594 4166 caius
617 4106 722 4182 cntra,
746 4101 897 4184 quamdiu
920 4123 987 4167 cna
1007 4103 1161 4181 amarent,
1184 4104 1355 4168 comrrumis
1374 4105 1482 4184 fucat
1504 4122 1581 4167 usus
1604 4102 1672 4166 deis
1690 4107 1721 4166 et

403 4205 581 4271 hominihus
597 4256 604 4270 .
619 4255 626 4270 .
641 4255 647 4270 .
662 4255 669 4271 .
685 4211 809 4272 recusat
825 4206 882 4288 (se.
899 4204 1068 4292 Iuppiter)
1090 4208 1192 4291 iquem
1209 4257 1237 4272 ..
1253 4257 1259 4272 .
1274 4257 1281 4272 .
1298 4208 1500 4273 Prometheus
1518 4212 1622 4270 cotem
1642 4207 1720 4270 licut

281 4327 288 4332 “
404 4315 556 4376 mucuns
568 4311 699 4392 scrutur
715 4314 818 4394 tynam
833 4331 872 4376 ec
886 4311 1013 4377 deorum
1028 4313 1141 4378 castris
1157 4310 1224 4394 (1.1.
1241 4334 1297 4398 pg.
1311 4312 1375 4397 35).
1426 4311 1503 4376 huie
1528 4309 1720 4376 sententiae

404 4414 548 4501 primum
570 4436 689 4481 sensus
711 4413 837 4502 prioris
859 4414 997 4482 fabulae
1020 4416 1157 4483 obstare
1173 4416 1319 4484 videtur.
1364 4437 1430 4503 qua
1454 4414 1495 4480 de
1518 4436 1620 4480 eausa
1641 4436 1721 4481 ossa

406 4523 540 4585 tantum
561 4518 596 4585 in
619 4519 689 4586 aris
712 4519 951 4586 comburantur
973 4520 1090 4587 fabula
1113 4520 1269 4608 explicat.
1309 4519 1407 4586 huius
1428 4520 1478 4586 rei
1501 4518 1720 4606 explicandae

407 4644 510 4689 causa
532 4628 607 4690 tota
630 4624 670 4690 de
687 4623 849 4691 communi
865 4622 1034 4690 hominum
1049 4623 1250 4713 deorumque
1268 4625 1342 4691 vita
1358 4630 1393 4690 et
1408 4624 1448 4691 de
1464 4623 1592 4690 ultimis
1607 4623 1718 4711 epulis

408 4725 525 4793 fabula
547 4726 686 4795 inventa
709 4734 773 4796 est.
820 4728 930 4797 altera
954 4735 1066 4797 autem
1089 4729 1206 4797 fabula
1229 4729 1313 4796 nihil
1337 4729 1536 4818 explicatur,
1561 4727 1621 4795 sed
1643 4728 1720 4816 quis

409 4831 519 4916 ignem
535 4831 724 4900 hominibus
737 4833 869 4902 dederit
884 4840 919 4902 et
935 4856 1020 4923 quae
1034 4840 1215 4922 propterea
1226 4857 1347 4922 passus
1365 4835 1413 4901 sit
1425 4838 1596 4901 narratur.
1621 4855 1720 4920 quam

410 4935 561 5004 fabulam
584 4937 627 5003 ad
650 4943 777 5005 eertum
800 4939 907 5008 locum
929 4938 1051 5007 referri
1076 4961 1158 5026 opus
1177 4962 1242 5009 uon
1259 4946 1344 5023 erat,
1368 4961 1428 5007 nec
1447 4936 1578 5006 omnino
1594 4960 1661 5025 qua
1677 4936 1718 5004 de
1816 4963 1817 4985 ³
