3659 5509
685 829 816 919 Oaput
836 830 880 900 V.

375 981 426 1059 lle
455 980 664 1060 Prometheo
695 985 732 1060 et
760 980 921 1060 Atlante.
980 981 1031 1058 lle
1060 979 1186 1058 Erebo.

213 1136 355 1205 Hesiodi
377 1138 627 1205 narrationibus
651 1139 692 1206 de
708 1138 908 1206 Prometheo
932 1145 967 1206 et
986 1137 1096 1225 prima
1114 1135 1255 1202 muliere
1274 1136 1433 1205 tractatis

127 1242 171 1309 cd
189 1243 282 1330 ipsas
300 1242 434 1309 fabulas
454 1242 718 1329 disputationem
734 1249 902 1310 converto.
949 1241 1173 1330 incipiendum
1196 1240 1277 1307 mihi
1299 1241 1435 1309 videtur

128 1369 202 1415 csse
234 1370 254 1415 a
284 1347 491 1428 differentia,
526 1371 624 1436 quam
657 1349 745 1416 inter
777 1349 931 1434 singulos
963 1347 1075 1436 Iapeti
1106 1345 1194 1412 filios
1225 1346 1434 1414 intercedere

126 1451 287 1519 videmus.
333 1452 435 1519 Atlas
458 1452 561 1532 enim,
589 1452 795 1536 Menoetius,
820 1453 1058 1532 Prometheus,
1087 1451 1143 1539 qui
1167 1451 1202 1517 in
1224 1451 1338 1518 lovem
1361 1474 1434 1539 pec·

128 1564 300 1640 caverunt,
323 1581 344 1624 a
365 1557 447 1625 Iove
470 1557 644 1644 suppliciis
667 1559 873 1626 afficiuntur:
897 1558 1086 1626 Menoetius
1109 1557 1144 1622 in
1167 1555 1312 1623 Erebum
1336 1556 1435 1624 deici·

129 1670 203 1746 tur,
240 1661 344 1729 Atlas
378 1662 504 1729 caelum
540 1663 630 1730 ferre
664 1664 812 1749 cogitur;
850 1663 1069 1730 Prometheus
1107 1661 1225 1749 stipite
1261 1662 1435 1749 perfossus

129 1767 276 1834 vincitur
306 1767 483 1854 aquilaque
506 1767 600 1835 Iovis
633 1769 663 1838 ei
692 1769 897 1850 immittitur,
933 1788 1018 1855 quae
1047 1767 1139 1833 iecur
1165 1773 1267 1832 noctu
1290 1789 1436 1834 succres-

16 1875 17 1904 ³
128 1895 206 1940 cens
229 1873 377 1939 interdiu
400 1872 560 1940 comedat.
599 1873 817 1960 Epimetheus
841 1879 953 1940 autem
976 1894 1082 1959 neque
1103 1872 1137 1936 in
1153 1870 1267 1938 Iovem
1283 1872 1437 1958 peccavit

126 2000 233 2066 neque
256 2000 276 2044 a
297 1977 379 2044 Iove
402 1978 549 2064 punitur.
596 2000 636 2044 ea
658 1982 791 2045 tantum
816 1978 856 2044 de
880 2000 982 2044 causa
1009 1976 1175 2043 fratribus
1199 1977 1256 2064 qui
1279 1976 1437 2045 dicuntur

15 2103 16 2126 i
129 2083 285 2161 edicitur,
321 2082 399 2168 quia
431 2083 539 2169 prima
571 2082 709 2149 muliere
742 2089 879 2169 recepta
910 2083 1003 2148 viros
1036 2080 1123 2148 malo
1155 2080 1279 2147 affecit.
1333 2086 1435 2170 atque

127 2188 227 2256 valde
251 2187 376 2268 dubito,
401 2209 478 2252 num
501 2187 566 2254 iam
590 2192 669 2254 ante
690 2186 873 2254 Hesiodum
896 2185 1115 2273 Epimetheus
1138 2185 1296 2253 inventus
1319 2186 1434 2255 fuerit.

127 2293 226 2359 immo
257 2293 332 2380 ipso
364 2292 494 2358 nomine
528 2292 680 2358 consulto
715 2315 787 2358 eum
822 2292 1004 2358 secundum
1026 2290 1259 2358 Prometheum
1294 2291 1434 2359 fratrem

127 2397 242 2465 fictum
272 2419 346 2464 esse
378 2403 535 2484 apparet,
571 2403 672 2484 etque
694 2396 793 2462 facile
822 2396 896 2462 fieri
925 2395 1054 2483 potuit,
1089 2401 1128 2462 ut
1159 2395 1232 2482 ipse
1254 2394 1434 2481 Hesiodus,

128 2525 225 2590 quem
248 2524 303 2568 res
326 2501 369 2568 ad
385 2500 580 2585 religionem
598 2508 633 2567 et
647 2500 891 2587 mythologiam
915 2507 1109 2587 spectantes
1133 2522 1198 2565 non
1219 2499 1277 2588 pia
1293 2501 1434 2569 creduli·

128 2613 216 2690 tate,
247 2605 304 2674 sed
332 2606 446 2672 sobria
469 2606 610 2694 quadarn
641 2606 772 2673 ratione
802 2605 956 2673 adhibita
978 2603 1240 2692 contemplatum
1263 2627 1337 2672 esse
1359 2628 1435 2673 con·

129 2717 216 2794 stet,
251 2708 450 2777 Prometheo
483 2711 643 2777 contrarii
676 2732 795 2779 sensus
826 2711 969 2795 figuram
1002 2717 1195 2798 opponeret.
1247 2710 1359 2777 nescio
1391 2735 1433 2779 an

129 2816 317 2903 veriloquio
332 2814 541 2900 Ἐπιμηθέως
562 2815 606 2900 (v.
623 2816 677 2897 89)
700 2816 744 2883 ad
767 2815 852 2883 hanc
875 2838 944 2883 rem
968 2814 1226 2882 confirmandam
1247 2815 1299 2880 uti
1321 2815 1434 2883 liceat.

128 2959 170 2971 —
195 2942 398 3009 quocumque
427 2919 523 2984 modo
547 2942 600 2985 res
624 2942 660 2986 se
684 2920 802 3001 babet,
837 2921 911 3007 ipsc
934 2919 1102 2987 Hesiodus
1126 2926 1162 2985 et
1183 2920 1436 2988 narrationibus

129 3026 171 3094 de
193 3024 392 3093 Prometheo
415 3029 450 3090 et
473 3023 670 3110 Epimetheo
698 3025 876 3091 memoriae
904 3024 1043 3090 traditis
1078 3030 1113 3089 et
1143 3024 1275 3090 ratione
1305 3047 1371 3113 qua
1400 3027 1434 3093 in

129 3129 324 3215 Theogonis
358 3151 414 3195 eos
451 3150 523 3196 cum
556 3128 700 3196 Atlante
737 3130 915 3216 praecipue
954 3137 989 3195 et
1023 3127 1189 3195 Menoetio
1227 3129 1437 3199 coniunxerit

128 3243 283 3304 naturam
316 3240 351 3300 et
382 3256 514 3301 sensum
547 3255 660 3299 eorum
694 3233 780 3301 satis
811 3233 891 3299 mibi
922 3233 1055 3321 quidem
1086 3232 1221 3300 videtur
1251 3233 1433 3303 indicasse:

130 3363 202 3408 cum
217 3338 409 3405 Promethei
434 3337 480 3404 sit
503 3338 650 3405 homines
675 3338 846 3420 adiuvare,
870 3337 1061 3426 Epimethei
1084 3345 1138 3404 est
1160 3359 1278 3405 nocere
1296 3338 1434 3408 homini·

130 3446 202 3512 bus.
250 3444 384 3510 dubium
412 3464 475 3510 non
506 3448 576 3527 est,
609 3443 688 3529 quin
710 3444 888 3531 utriusque
910 3442 1039 3509 indoles
1069 3442 1154 3531 ipsis
1176 3442 1364 3511 nominibus
1386 3445 1434 3512 in-

131 3550 271 3617 dicetur.
309 3553 517 3633 προμηθείας
539 3554 575 3614 et
598 3547 794 3632 ἐπιμηθείας
816 3571 915 3635 quam
937 3548 1020 3614 dicit
1035 3546 1227 3634 Stephanus
1243 3548 1434 3635 Byzantius

132 3653 297 3720 hominum
320 3651 430 3718 instar
453 3660 542 3718 sunt.
580 3651 667 3738 quod
690 3651 907 3718 considerans
931 3653 1033 3718 etiam
1055 3651 1136 3738 quid
1153 3659 1295 3740 uterque
1313 3676 1435 3741 passus

132 3758 177 3825 sit
194 3756 314 3824 melius
332 3755 524 3840 intelleges:
549 3755 728 3840 ἐπιμηθεια
750 3755 836 3822 enim
860 3756 936 3842 ipsa
958 3755 1081 3822 homini
1105 3755 1161 3842 qui
1186 3778 1225 3823 ea
1247 3757 1357 3825 utitur
1380 3759 1434 3825 de·

14 3915 16 3964 ,
132 3863 290 3930 trimcnto
320 3866 383 3929 est.
439 3861 487 3927 sic
509 3859 727 3947 Epimetheus
758 3881 905 3948 quoque,
941 3860 995 3925 dm
1017 3861 1059 3943 δὴ
1081 3863 1185 3927 κακὸν
1208 3856 1277 3945 εἴη,
1307 3861 1434 3947 ἐνόησε.

132 3971 321 4052 προμήθεια
343 3971 455 4032 autem
476 3965 543 4050 ipsi
568 3964 695 4030 homini
718 3971 808 4032 certe
832 3965 932 4032 valde
955 3964 1124 4031 commoda
1147 3973 1210 4033 est.
1255 3974 1294 4033 at
1315 3966 1373 4054 qui
1395 3990 1436 4035 ea

132 4071 306 4159 praeditus
336 4074 406 4153 est,
440 4069 542 4136 facile
570 4070 747 4157 superbior
776 4077 876 4158 abque
906 4069 1065 4139 audacior
1087 4069 1127 4138 fit
1150 4092 1248 4157 quam
1271 4069 1435 4139 hominem

133 4175 236 4246 decet.
283 4175 331 4242 sio
362 4173 598 4256 Prometheus,
635 4197 675 4241 ea
704 4173 816 4241 indole
846 4197 942 4256 usus,
975 4197 1073 4263 quam
1105 4197 1223 4241 nomen
1254 4175 1434 4262 significat,

132 4283 396 4365 αοααλόβουλος,
418 4282 617 4363 αἰολόμητις,
647 4278 723 4366 ipsa
745 4301 807 4346 sua
829 4285 961 4360 natura,
988 4286 1027 4345 ut
1054 4302 1127 4347 cum
1149 4280 1231 4347 Iove
1253 4280 1435 4366 prudentia

69 4432 74 4442 ·
133 4391 262 4454 certare
284 4383 434 4466 auderet,
458 4383 600 4450 illicitus
624 4391 686 4450 est.
721 4384 774 4450 hic
797 4385 876 4450 mihi
900 4384 1036 4451 videtur
1059 4406 1177 4452 sensus
1193 4384 1329 4452 fabulae
1349 4407 1434 4469 esse,

133 4513 226 4578 quem
245 4488 413 4560 Hesiodus
437 4511 566 4575 quoquc
589 4488 843 4555 narrationibus
867 4488 938 4555 suis
962 4487 1176 4556 adumbravit
1198 4495 1233 4556 et
1254 4488 1434 4556 indicavit:

133 4593 322 4662 Promethei
350 4594 386 4660 id
409 4594 475 4661 sibi
497 4614 692 4680 comparare
715 4594 854 4679 cupiunt
876 4600 911 4659 et
935 4593 1087 4674 student,
1120 4593 1208 4680 quod
1232 4615 1288 4660 eos
1312 4592 1434 4661 habere

133 4705 270 4787 propter
293 4699 430 4767 deorum
452 4698 663 4766 voluntatem
686 4697 781 4765 nefas
805 4705 868 4766 est.
903 4699 1038 4766 etiamsi
1053 4698 1142 4786 quod
1157 4698 1281 4766 habere
1296 4698 1436 4785 cupiunt

133 4814 364 4893 assequantur,
388 4827 409 4871 a
430 4804 483 4870 dis
506 4805 699 4890 puniuntur.
746 4803 794 4869 sic
811 4802 1030 4871 Prometheus
1052 4807 1087 4870 et
1102 4809 1311 4890 προμηθείας
1327 4825 1436 4870 exem·

131 4910 221 4997 plum
254 4917 309 4976 est
341 4919 377 4976 ct
409 4909 586 4996 superbiae
618 4931 638 4974 a
666 4908 748 4973 Iove
779 4911 928 4996 punitae.
975 4933 1035 4976 nec
1065 4909 1254 4978 inconsulte
1286 4909 1435 4982 homines
