3659 5509
1043 442 1066 513 d

400 619 500 700 minis
530 625 688 686 naturam
717 616 932 707 perspexisse
961 617 1106 700 videtur,
1138 641 1211 686 cum
1242 640 1284 686 ne
1307 615 1485 687 Lehrsium
1516 623 1717 707 ceterosque

401 724 509 793 secuti
531 725 566 791 in
583 724 771 813 complures
786 730 905 811 partes
922 746 1056 792 carmen
1072 724 1299 813 discerpamus
1316 730 1460 791 moneat.
1492 724 1530 791 O.
1546 723 1716 792 Mullerns

401 836 514 898 autem
542 831 607 916 (gr.
637 828 972 916 literaturg.³1875,
1003 853 1059 918 pg.
1084 830 1160 916 137)
1193 829 1305 917 Opera
1333 852 1434 896 unum
1464 832 1500 896 et
1521 827 1717 896 continuum

401 957 534 1003 emman
557 956 633 1002 esse
655 934 836 1022 profitetur
859 957 941 1003 sane
964 957 1030 1001 non
1052 940 1189 1003 temere.
1234 934 1322 1023 quod
1346 941 1459 1001 autem
1483 932 1623 1019 gravius
1647 939 1712 1015 est,

402 1040 527 1128 optime
560 1039 717 1107 carminis
747 1044 904 1107 naturam
928 1039 1119 1127 significare
1142 1039 1287 1119 videtur,
1316 1062 1388 1108 cum
1411 1039 1555 1127 primum
1578 1037 1715 1104 omnino

403 1167 536 1212 carmen
570 1167 643 1212 esse
666 1149 811 1228 moneat,
844 1167 908 1233 quc
933 1145 1008 1234 quis
1031 1144 1073 1212 de
1096 1146 1189 1212 vitae
1212 1144 1376 1212 humanae
1406 1149 1442 1212 et
1465 1144 1505 1211 de
1529 1143 1715 1230 suiipsius

404 1249 498 1318 vitae
521 1249 654 1317 ratione
676 1271 778 1335 agere
801 1256 942 1318 conatus
965 1249 1012 1317 sit
1022 1250 1056 1335 ¹).
1094 1249 1263 1317 Hesiodus
1287 1250 1384 1331 enim,
1409 1250 1466 1337 qui
1481 1248 1610 1338 primus
1627 1248 1713 1315 talis

403 1355 594 1442 argumenti
610 1377 741 1422 carmen
757 1354 865 1437 finxit,
882 1355 985 1422 etiam
1008 1355 1148 1422 formam
1165 1356 1322 1422 carminis
1339 1363 1375 1421 et
1396 1355 1562 1423 rationem
1579 1353 1713 1421 dicendi

403 1460 555 1528 invenire
578 1459 703 1542 debuit,
729 1482 827 1549 quem
849 1462 990 1527 formam
1013 1460 1056 1527 ad
1080 1466 1313 1545 argumentum
1336 1460 1617 1528 accommodatam
1640 1481 1714 1526 ear·

401 1565 483 1632 mini
521 1587 586 1631 non
628 1564 762 1632 dedisse
784 1586 826 1632 ne
858 1564 980 1631 mirum
1002 1564 1135 1651 quidem
1158 1572 1220 1648 est,
1245 1588 1317 1632 cum
1341 1565 1439 1632 hodie
1462 1571 1563 1652 pcata
1585 1564 1712 1653 aliquis

401 1675 457 1739 tot
478 1675 641 1759 tantaque
661 1669 812 1757 exempla
833 1669 988 1736 imitatus
1003 1669 1124 1736 bonam
1141 1670 1283 1737 formam
1298 1670 1398 1737 facile
1420 1671 1572 1737 invenire
1589 1670 1713 1758 possit.

400 1797 508 1864 neque
542 1774 649 1861 igitur
681 1774 790 1862 ipsam
821 1795 893 1841 rem
931 1774 1163 1841 difficillimam
1197 1775 1304 1842 fuisse
1336 1774 1516 1861 neglegere
1553 1774 1635 1841 licet
1668 1773 1712 1856 ei,

400 1880 459 1968 qui
490 1901 623 1947 carmen
656 1885 691 1946 et
720 1877 889 1967 explicare
920 1885 956 1945 et
978 1878 1160 1946 aestimare
1193 1885 1343 1961 conatur,
1375 1902 1435 1947 neo
1469 1879 1536 1967 ipsi
1558 1877 1712 1946 Hesiodo

401 1983 564 2073 quomodo
593 1984 663 2052 tale
686 2006 819 2051 carmen
843 1983 949 2050 fuerit
971 1983 1217 2051 instituendum
1238 1984 1433 2073 praecipere
1456 1983 1547 2068 licet,
1581 1984 1641 2051 sed
1673 2005 1716 2050 ex

400 2091 474 2177 ipso
498 2089 643 2157 carmine
666 2088 806 2156 Hesiodi
829 2093 938 2156 artem
962 2110 1162 2174 cognoscere
1185 2111 1320 2157 necesse
1344 2095 1405 2156 eat.

487 2192 584 2276 Quod
606 2192 803 2260 Miitzellius
826 2191 1042 2279 Theogoniae
1065 2194 1204 2281 primus,
1239 2194 1274 2260 id
1298 2193 1465 2281 Operibus
1487 2192 1714 2279 Dimitrijevi·

401 2298 473 2365 cius
495 2304 672 2386 praestare
695 2298 827 2366 studuit
849 2298 938 2365 libro
962 2321 1027 2387 quc
1042 2298 1185 2385 primum
1209 2298 1249 2365 de
1272 2298 1351 2365 aliis
1370 2299 1471 2365 rebus
1487 2297 1714 2385 gravissimis,

402 2409 475 2470 tum
496 2402 675 2490 praecipue
700 2401 752 2469 ‘de
773 2402 931 2470 versibus
955 2403 997 2469 ab
1021 2403 1170 2490 antiquis
1193 2402 1354 2471 laudatis'
1384 2404 1457 2489 egit
1479 2402 1621 2488 (‘atudia
1643 2401 1714 2467 He-

403 2505 528 2575 siodea'
560 2505 699 2593 Lipsiae
733 2507 842 2593 1899).
895 2506 983 2595 quod
1007 2505 1076 2574 Leo
1112 2506 1152 2574 de
1184 2508 1301 2595 paucis
1332 2512 1467 2575 tantum
1495 2507 1579 2574 loeis
1604 2514 1640 2573 et
1662 2505 1714 2573 eis

401 2610 615 2698 gravissimis
644 2632 748 2697 agens
776 2610 951 2694 indicavit,
983 2610 1018 2677 id
1041 2610 1323 2699 Dimitrijevicius
1354 2612 1451 2698 large
1474 2612 1640 2698 exposuit,
1666 2633 1713 2679 sc.

401 2715 605 2802 gravissima
627 2714 773 2804 Operum
804 2715 1084 2784 emendandorum
1116 2716 1241 2783 indicia
1270 2718 1312 2783 ab
1336 2716 1531 2784 auctoribus
1561 2716 1713 2805 antiquis

401 2820 582 2908 praestari.
640 2821 694 2887 cui
725 2821 775 2888 rei
806 2821 934 2909 siquis
964 2822 1086 2887 iterum
1110 2843 1245 2908 operam
1269 2821 1373 2904 dabit,
1397 2821 1539 2888 Rzaohii
1563 2821 1712 2888 editione

402 2924 512 2991 altera
528 2931 627 3011 grato
644 2925 754 2993 animo
770 2932 896 3008 utetur,
913 2948 981 3013 qua
992 2925 1246 2993 accuratissime
1260 2926 1505 2993 emendationis
1518 2925 1713 2993 adiumenta

402 3051 488 3117 quaa
510 3030 553 3097 ab
577 3030 773 3097 auctoribus
784 3030 968 3097 Hesiodum
985 3030 1203 3097 laudantibus
1215 3030 1311 3097 nobis
1325 3030 1587 3119 suppeditantur
1600 3032 1712 3097 omnia

402 3133 613 3220 congessisse
635 3134 782 3202 videtur.
806 3172 844 3183 —

489 3238 562 3305 Iam
597 3242 637 3304 ut
668 3237 712 3305 ed
743 3259 834 3305 meas
857 3238 1045 3307 Hesiodeaa
1077 3238 1292 3328 quaestiones
1324 3261 1376 3306 me
1408 3246 1610 3322 convertam,
1634 3263 1711 3328 pro·

401 3343 512 3410 fectus
536 3365 609 3409 sum
632 3364 652 3409 a
674 3340 889 3429 Theogoniae
912 3350 948 3410 et
967 3342 1113 3431 Operum
1136 3344 1220 3412 locis
1244 3343 1364 3433 quibus
1381 3342 1572 3412 Promethei
1594 3345 1711 3412 fabula

402 3453 564 3514 narratur
576 3447 776 3515 tractandis.
806 3447 928 3535 quibus
951 3448 1076 3515 fabulis
1099 3449 1189 3517 inter
1213 3472 1248 3516 se
1272 3449 1475 3538 comparatis
1499 3450 1540 3517 de
1562 3449 1712 3537 ipsorum

403 3551 586 3619 carminum
617 3541 939 3619 rationeiudicium
963 3553 1127 3642 quoddam
1157 3555 1241 3621 ferri
1263 3576 1363 3642 posse
1385 3556 1478 3622 viros
1502 3555 1617 3621 doctos
1644 3577 1711 3621 non

401 3657 501 3743 fugit.
540 3661 642 3746 atque
658 3656 766 3723 adhuc
782 3657 823 3723 de
845 3657 988 3741 ratione,
1004 3680 1090 3744 quae
1113 3665 1149 3725 et
1170 3659 1261 3725 inter
1276 3658 1337 3724 hos
1360 3659 1450 3725 locos
1473 3666 1509 3725 et
1531 3660 1621 3726 inter
1635 3659 1711 3745 ipsa

402 3762 552 3830 carmina
583 3762 783 3846 intercedat,
807 3762 891 3829 miro
914 3784 1078 3830 consensu
1101 3762 1337 3830 iudicaverunt
1359 3763 1426 3829 viri
1456 3763 1558 3830 docti.
1597 3785 1710 3829 omnes

403 3866 490 3933 enim
526 3866 672 3954 Operum
712 3867 989 3955 interpolatorem
1029 3906 1072 3917 —
1108 3889 1215 3955 neque
1249 3867 1335 3934 enim
1369 3868 1450 3955 quin
1484 3868 1710 3956 interpolatae

404 3971 475 4037 sint
503 3970 539 4036 in
562 3970 675 4058 Opera
706 3977 823 4058 partes
851 3970 1099 4058 mythologicae
1129 3971 1288 4039 dubitant
1314 4010 1358 4020 -
1381 3972 1608 4059 Theogoniam
1639 3972 1710 4039 imi·

406 4079 516 4142 tatum
539 4096 613 4142 esse
636 4075 710 4142 iure
733 4074 935 4142 contendere
958 4075 1024 4141 sibi
1047 4075 1114 4142 visi
1137 4082 1218 4142 sunt
1239 4098 1300 4143 nec
1323 4076 1425 4144 aliter
1456 4099 1527 4144 rem
1549 4076 1708 4164 Meyerus
1819 4091 1820 4138 l

403 4184 463 4246 aut
485 4178 721 4247 Kirchhodius
751 4183 998 4247 tractaverunt.
1050 4179 1103 4247 his
1136 4179 1246 4266 igitur
1268 4181 1350 4248 locis
1374 4188 1531 4249 accurate
1561 4183 1650 4249 inter
1674 4205 1709 4250 sc

404 4285 607 4372 comparatis
640 4285 816 4368 rationem,
850 4307 935 4373 quae
964 4284 1056 4352 inter
1078 4284 1219 4352 Hesiodi
1251 4286 1399 4353 carmina
1430 4286 1630 4369 intercedat,
1661 4287 1711 4353 in·

402 4388 639 4474 vestigandam
661 4390 735 4457 iure
758 4411 905 4457 summus
928 4389 1202 4478 philosophorum
1222 4389 1497 4477 Gottingenaium
1521 4392 1602 4459 ordo
1625 4413 1710 4457 anno

405 4493 488 4559 1901
512 4492 717 4581 philologiae
740 4494 904 4561 studiosis
927 4494 1115 4583 proposuit.
1159 4494 1375 4582 nequeenim
1400 4497 1440 4564 de
1470 4497 1618 4585 ipsorum
1642 4517 1711 4563 car-

403 4597 527 4663 minum
549 4597 658 4666 forma
680 4598 799 4682 solum,
824 4598 883 4666 sed
908 4600 1011 4666 etiam
1034 4599 1075 4666 da
1099 4599 1290 4684 carminum,
1314 4601 1495 4689 praecipue
1507 4601 1548 4669 de
1563 4600 1710 4689 Operum

402 4701 641 4790 compositione
664 4703 781 4790 agenti
798 4704 862 4771 hac
880 4703 1078 4792 quaestione
1108 4703 1266 4771 absoluta
1286 4706 1489 4792 gravissima
1511 4710 1710 4792 argumenta

401 4806 560 4895 praeberi
582 4807 751 4877 videntur.
783 4808 826 4878 ad
848 4809 935 4877 hanc
957 4808 1065 4896 igitur
1086 4808 1318 4897 quaestionem
1341 4810 1590 4898 aggrediamur.

492 4951 519 5021 1)
538 4947 580 5006 cf.
599 4949 701 5008 Leonis
721 4948 755 5006 de
774 4950 901 5007 carminis
920 4956 1021 5007 natura
1038 4949 1185 5020 iudicium,
1204 4950 1222 5005 l.
1243 4950 1261 5006 l.
1281 4967 1308 5022 p.
1330 4955 1370 5006 16.
