3659 5509
762 449 806 517 77

4 681 6 700 ,
127 624 181 692 bis
202 646 310 713 neque
332 624 484 692 Uranum
507 647 614 712 neque
638 623 783 692 Cronum
814 646 921 712 neque
952 624 1065 690 mundi
1088 623 1262 711 imperium
1288 625 1439 693 obtinere

126 751 234 818 neque
264 729 406 817 primum
436 729 571 796 deorum
603 728 835 816 hominumque
857 728 984 795 factum
1008 750 1082 795 esse
1106 729 1290 797 audiamus.
1336 730 1438 797 etiam

127 856 213 923 quae
247 835 287 903 de
322 833 430 902 Crono
466 833 636 918 audimus,
675 833 828 900 indicant
865 838 1000 900 tantum
1039 855 1112 900 eum
1150 840 1249 921 patre
1287 842 1437 902 castrato

125 962 239 1006 rerum
279 940 423 1028 potitum
468 961 553 1006 esse.
620 947 738 1006 contra
778 938 881 1005 aliter
923 960 978 1005 res
1016 938 1057 1005 de
1094 938 1187 1005 Iovis
1223 939 1362 1027 imperio
1400 962 1437 1008 se

127 1044 239 1112 habet.
280 1046 426 1133 primum
459 1045 520 1111 hoc
552 1044 685 1132 quidem
719 1044 753 1109 in
788 1050 907 1132 aperto
939 1048 993 1109 est
1016 1047 1121 1109 totam
1147 1043 1436 1112 Titanomachiam

127 1150 157 1217 si
187 1171 270 1216 vera
301 1172 414 1237 pugna
445 1149 581 1217 deorum
613 1172 686 1216 cum
717 1149 898 1216 Titanibus
930 1154 984 1215 est
1012 1147 1061 1233 (id
1090 1148 1179 1235 quod
1208 1148 1434 1236 compluribus

126 1253 211 1320 locis
233 1253 417 1322 indicatum
439 1254 605 1336 videmus)
628 1276 666 1321 eo
689 1253 844 1334 tendere,
879 1259 919 1319 ut
941 1274 1006 1340 quo
1029 1252 1126 1320 modo
1147 1252 1303 1342 Iuppiter
1324 1277 1436 1321 rerum

128 1359 259 1445 potitus
293 1360 341 1426 sit
369 1359 578 1426 ostendatur.
624 1359 803 1447 praecipue
834 1380 959 1446 quaeso
990 1357 1144 1425 conferas
1175 1382 1230 1425 vv.
1254 1359 1439 1428 383-403.

130 1485 330 1553 quamquam
353 1463 628 1531 Titanomacbiae
650 1463 877 1551 interpolator
892 1462 1109 1530 Centimanos
1131 1464 1344 1551 potissimum
1366 1488 1440 1533 cum

132 1567 313 1635 Titanibus
335 1591 486 1657 pugnare
502 1569 617 1650 faciat,
642 1575 752 1636 tamen
777 1568 1004 1656 compluribus
1027 1590 1044 1635 e
1067 1568 1150 1635 locis
1173 1568 1235 1635 boc
1257 1569 1345 1657 quod
1369 1571 1438 1637 dixi

131 1681 283 1762 apparet.
340 1674 481 1740 maxime
514 1678 626 1741 autem
658 1675 694 1740 in
724 1673 808 1740 locis
835 1672 1123 1741 Titanomacbiam
1161 1674 1439 1743 antecedentibus

130 1780 266 1867 saepius
304 1778 459 1865 Iuppiter
502 1800 562 1845 rex
604 1778 741 1845 deorum
782 1777 970 1844 futurus
1012 1777 1191 1844 indicatur.
1257 1779 1347 1846 idem
1383 1805 1438 1847 vv.

128 1884 304 1951 sal—885
334 1883 458 1971 optime
491 1905 574 1971 prae
607 1905 644 1949 se
675 1883 805 1968 ferunt,
841 1905 948 1971 neque
982 1905 1038 1949 eos
1070 1883 1153 1949 bene
1185 1905 1258 1949 cum
1292 1883 1440 1952 ‘Titano-

127 1989 268 2056 machia’
298 1988 361 2056 illa
389 2010 474 2077 quae
506 1988 678 2056 antecedit
709 1988 798 2054 coire
831 2010 936 2075 supra
967 1987 1112 2054 ostendi.
1169 1988 1294 2075 optime
1326 1995 1439 2058 autem

128 2094 299 2183 quadrant
328 2094 364 2161 in
389 2117 444 2160 vv.
468 2093 651 2176 383-403,
685 2094 807 2182 quibus
838 2092 878 2158 de
909 2091 1165 2159 Titanomacbia
1195 2102 1440 2181 praemonetur.

130 2237 169 2249 -
195 2198 485 2266 Titanomaohiam
515 2204 585 2265 tam
617 2204 692 2265 arto
722 2220 796 2265 cum
825 2197 899 2285 ipso
928 2196 1143 2285 Theogoniae
1167 2208 1365 2285 argumento
1388 2223 1439 2268 co·

127 2305 270 2372 haerere
301 2303 369 2371 iam
398 2303 553 2392 exposui,
590 2310 629 2369 ut
660 2325 734 2371 eam
764 2302 921 2369 omittere
953 2310 1073 2391 poetae
1104 2324 1170 2370 non
1199 2303 1344 2372 licuerit.
1400 2329 1440 2374 ea

128 2415 243 2477 autem
265 2408 528 2490 Titanomacbia,
552 2430 652 2496 quam
675 2431 728 2475 vv.
752 2408 925 2475 sai-885
949 2408 1028 2474 olim
1051 2409 1296 2493 concluserunt,
1328 2412 1439 2480 omnia

127 2537 169 2582 ea
198 2519 341 2581 narrata
370 2513 477 2580 fuisse
508 2536 644 2581 necesse
672 2519 741 2593 est,
778 2534 863 2601 quae
884 2513 1071 2579 Hesiodum
1093 2519 1311 2581 narraturum
1332 2515 1439 2585 fuisse

127 2644 184 2688 vr.
207 2619 380 2686 384-403
411 2618 578 2686 indicant:
613 2642 668 2686 vv.
692 2619 793 2700 88115
824 2641 845 2686 a
875 2618 948 2686 deis
972 2618 1114 2685 Titanes
1146 2626 1324 2707 superatos
1353 2644 1438 2708 esse,

128 2749 150 2794 a
172 2724 244 2793 deis
267 2725 382 2792 Iovem
413 2747 526 2810 regem
557 2724 684 2791 factum
716 2745 808 2806 esse,
843 2722 967 2791 anve
997 2722 1139 2790 honores
1169 2747 1252 2813 qnos
1281 2727 1440 2814 promisit

128 2830 331 2898 distributos
349 2852 422 2897 esse
438 2830 555 2896 dicunt
570 2851 631 2897 nec
647 2850 781 2895 oausam
797 2851 931 2916 pugnae
946 2828 1142 2916 neglegunt.
1174 2830 1438 2919 compositorem,

128 2935 186 3025 qni
215 2958 272 3004 res
303 2935 345 3002 ab
368 2934 517 3002 Hesiodo
540 2933 765 3002 alienissimas
789 2932 1004 3020 Theogoniae
1034 2932 1197 3018 inseruit,
1232 2935 1293 3002 hos
1319 2960 1439 3006 versus

126 3041 298 3109 invenisse
322 3062 418 3127 nego.
464 3040 562 3106 immo
585 3040 694 3127 ipsum
717 3037 902 3106 Hesiodum
925 3045 960 3105 et
981 3038 1043 3105 hos
1067 3061 1186 3106 versus
1209 3040 1379 3110 invenisse
1402 3050 1439 3111 et

130 3183 173 3196 -
196 3146 232 3212 id
255 3145 343 3234 quod
366 3168 406 3212 en
435 3144 520 3233 ipsis
543 3144 699 3216 versibus
724 3142 884 3229 colligere
907 3143 1064 3211 debemus
1087 3183 1127 3191 —
1152 3144 1439 3216 'Pitanomacbiam

127 3250 277 3337 largiore
311 3250 506 3318 narratione
540 3250 752 3337 exposuisse,
793 3248 894 3316 etiam
933 3248 995 3316 bae
1029 3249 1234 3334 cogitatione
1269 3253 1437 3323 efficimus.

128 3377 286 3424 versuum
323 3362 479 3423 naturam
518 3359 554 3421 ct
590 3353 765 3421 consilium
803 3354 886 3422 bene
923 3353 1106 3441 dispiciens
1140 3353 1299 3442 Meyerus
1335 3359 1439 3427 inter·

127 3461 314 3550 polatorem
343 3462 387 3527 ed
416 3466 578 3544 sequentes
608 3460 742 3526 Hesiodi
771 3480 880 3526 versem
909 3461 948 3526 de
976 3461 1063 3526 Iocis
1091 3460 1341 3546 reiiceorumqae
1369 3466 1439 3531 deo·

127 3589 199 3634 rum
227 3568 394 3632 recentium
420 3566 587 3651 peceribus
617 3566 738 3633 bonum
765 3564 950 3632 transitum
975 3564 1130 3632 versibus
1152 3565 1253 3651 88115
1284 3568 1437 3639 effecisse

129 3672 264 3740 statuit.
309 3693 416 3759 neque
438 3676 492 3738 est
515 3669 660 3750 dubium,
685 3669 764 3759 quin
789 3668 861 3757 ipse
877 3668 1048 3737 Hesiodus
1070 3669 1162 3736 Iovis
1186 3677 1438 3762 ceterorumque

130 3777 266 3844 deorum
290 3775 474 3842 recentium
495 3797 621 3862 genera
643 3779 721 3863 post
743 3773 855 3841 ultimi
878 3773 1013 3842 Titanis
1038 3773 1233 3863 progeniem
1254 3778 1438 3864 protulerit

130 3881 302 3970 (Meycrus
324 3904 357 3969 p.
380 3880 449 3966 82).
494 3881 591 3947 ouius
620 3879 828 3948 narrationis
856 3878 990 3945 initium
1015 3885 1239 3948 retractatum
1261 3903 1336 3951 esse
1358 3890 1437 3972 post

128 3986 314 4055 Hesiodum
344 3985 417 4074 ipse
443 3984 601 4073 Meyerus
631 3985 871 4074 comprobavit.
915 3983 1057 4052 Hesiodi
1090 3992 1202 4054 autem
1234 3995 1325 4055 certe
1357 3996 1438 4056 sunt

128 4114 183 4160 vr.
200 4091 383 4159 acl-921.
421 4113 499 4157 num
514 4089 698 4158 Hesiodum
722 4090 824 4158 talem
848 4089 1077 4158 narrationem
1099 4091 1282 4179 protulisse
1305 4095 1437 4162 omnino

129 4203 183 4264 est
205 4195 279 4264 veri
302 4194 411 4264 simile
427 4195 681 4264 Titanomacbia
704 4195 967 4285 praetermissa?
1004 4219 1111 4264 nonne
1134 4204 1236 4266 antea
1256 4200 1436 4287 quomodo

129 4300 270 4369 Titanes
292 4322 313 4368 a
334 4299 387 4366 dis
410 4302 562 4390 superati
585 4308 708 4382 essent,
732 4324 797 4390 quo
813 4301 909 4368 modo
925 4300 1079 4389 Iuppiter
1098 4301 1234 4369 deorum
1251 4326 1309 4370 ren
1324 4303 1436 4374 factus

129 4412 220 4476 esset
251 4427 416 4494 exponere
449 4405 589 4473 debuit?
633 4406 669 4471 id
701 4407 788 4472 enim
817 4406 926 4473 totius
949 4405 1165 4493 Theogoniae
1194 4407 1371 4495 dispositio
1401 4416 1438 4478 et

128 4533 329 4601 progressus
358 4509 488 4579 indicat
515 4515 618 4599 atque
646 4532 684 4577 eo
712 4517 786 4578 tote
813 4512 970 4578 carminis
999 4511 1151 4580 narratio
1173 4517 1291 4600 aperte
1314 4512 1434 4583 tendit.

215 4616 346 4684 Versus
369 4615 542 4683 ssi-885
572 4615 680 4701 igitur
710 4615 819 4704 ipsius
841 4615 984 4684 Hesiodi
1016 4622 1112 4702 sunt,
1146 4618 1268 4705 quibus
1297 4618 1435 4688 Titano·

128 4720 290 4791 machiam
314 4743 408 4789 suam
431 4720 608 4789 conclusit.

211 4824 285 4895 Hac
307 4849 344 4895 re
367 4825 524 4893 absoluta
545 4825 722 4896 redeamus
749 4825 792 4896 ad
816 4848 936 4895 versus
958 4826 1140 4911 687-699,
1174 4828 1248 4917 qui,
1281 4827 1434 4918 quamvis

127 4930 211 5001 bene
226 4931 293 5024 ipsi
310 4931 500 5017 decurrant,
524 4939 638 5003 tamen
652 4932 749 5002 foede
765 4932 974 5002 narrationis
990 4955 1149 5002 conexum
1165 4940 1200 5005 et
1216 4956 1434 5026 progressum
