3659 5509
998 356 1041 427 72

362 544 481 629 aperte
504 536 540 605 id
563 535 697 620 dicitur,
721 533 810 626 quod
833 539 930 603 extre
951 540 1079 606 terram
1097 538 1160 618 est,
1184 553 1249 622 quo
1265 528 1346 621 quid
1360 530 1457 615 citra,
1481 527 1562 620 quid
1576 526 1692 595 ultra

361 646 410 715 sit
442 643 640 712 secernitur.
686 640 852 730 ‘pervenit
880 639 988 727 igitur
1019 639 1063 707 ad
1093 645 1207 712 terrae
1235 636 1405 726 marisque
1432 637 1515 706 fines
1546 641 1582 704 ct
1610 654 1693 723 per

363 750 529 818 Oceanum
550 747 639 816 Solis
663 746 765 815 calice
788 769 870 813 usus
893 745 1057 832 navigat'.
1101 745 1216 830 itaque
1239 766 1403 833 nusquam
1431 744 1497 813 nisi
1525 742 1561 809 in
1584 741 1685 808 Ere·

360 857 439 922 bum
461 854 689 944 progreditur,
713 852 770 941 qui
792 852 884 920 ultra
899 851 1066 920 Oceanum
1087 852 1175 918 situs
1194 854 1256 917 est.
1296 850 1337 917 de
1356 850 1420 917 hac
1435 872 1471 916 re
1487 847 1686 915 secundum

361 983 402 1028 ea
426 982 510 1049 quae
542 960 678 1047 exposui
704 957 873 1025 dubitatio
896 957 1060 1024 exsistere
1086 979 1153 1022 non
1175 962 1299 1043 potest.
1344 956 1502 1037 (ἐξελθών
1522 953 1559 1021 a
1581 951 1689 1038 καρὰ

369 1065 554 1152 Προμηθέα
575 1063 630 1130 καὶ
655 1062 777 1150 ὀφθεὶς
797 1063 851 1130 ὑπ’
877 1064 981 1130 αὐτοῦ
1004 1065 1158 1148 οἰκτείροι
1181 1063 1370 1129 ἱκετεύοντα
1394 1062 1449 1129 καὶ
1470 1066 1593 1128 κτείνει
1615 1063 1693 1127 τὸν

365 1171 473 1254 ἀετόν,
501 1170 539 1247 ὃς
565 1171 669 1236 αὐτοῦ
691 1171 728 1235 τὸ
750 1163 839 1254 ἦτορ
862 1170 972 1253 ἤσθιε,
1001 1169 1158 1248 τοξεύσας
1186 1167 1478 1251 προσπετόμενον.
1534 1168 1690 1234 verbum

366 1275 513 1356 ἐξελθών
542 1274 667 1361 excipit
691 1275 796 1341 verba
822 1272 877 1339 καὶ
900 1274 957 1340 διὰ
978 1283 1039 1339 τοῦ
1058 1273 1215 1339 Ὠκεανοῦ
1238 1272 1359 1357 πλέον,
1387 1272 1438 1339 ita
1466 1278 1506 1338 ut
1537 1272 1688 1339 dubium

363 1402 429 1445 non
462 1379 525 1461 sit,
559 1379 640 1467 quin
670 1378 850 1446 Herculem
881 1378 1051 1444 Oceanum
1081 1385 1333 1464 transgressum
1365 1378 1400 1443 in
1431 1385 1526 1445 terra
1558 1378 1687 1465 aliqua

366 1484 551 1551 consistere
583 1484 684 1551 dicat.
740 1484 857 1571 itaque
890 1483 993 1550 etiam
1026 1482 1240 1569 Pherecydes
1278 1483 1320 1549 de
1352 1483 1546 1568 regionibus
1580 1483 1687 1549 ultra

367 1588 532 1655 Oceanum
556 1588 679 1677 positis
702 1588 785 1674 agit.
829 1587 971 1675 primum
994 1588 1042 1654 ibi
1060 1588 1224 1654 Hercules
1242 1586 1475 1655 Prometheum
1497 1588 1685 1675 conspicit,

365 1716 437 1760 cum
454 1716 534 1761 casu
547 1693 699 1761 Oceanus
714 1693 872 1761 Herculis
887 1692 1060 1779 navigium
1077 1714 1115 1759 eo
1131 1693 1259 1773 tulerit,
1278 1693 1336 1758 ubi
1352 1692 1571 1760 Prometheus
1589 1699 1683 1761 stat.

362 1797 584 1866 Prometheus
601 1804 723 1881 antem,
748 1799 790 1865 ab
807 1796 952 1865 Hercule
967 1797 1145 1881 liberatus,
1169 1798 1212 1865 ad
1229 1798 1404 1865 Atlantem
1422 1821 1497 1864 eum
1512 1798 1684 1886 progredi

361 1903 466 1987 iubet,
492 1911 531 1972 ut
546 1905 588 1971 ab
606 1926 644 1970 eo
659 1902 883 1991 Hesperidum
904 1902 994 1970 mala
1014 1903 1168 1990 accipiat.
1213 1903 1328 1991 itaque
1347 1909 1383 1970 et
1397 1901 1619 1970 Prometheus
1636 1913 1682 1970 et

362 2007 466 2076 Atlas
489 2014 525 2076 et
546 2009 753 2096 Hesperides
776 2008 851 2096 ipsc
874 2008 907 2074 in
932 2008 1043 2075 Erebo
1067 2014 1159 2076 stare
1183 2008 1350 2088 dicuntur,
1373 2008 1468 2074 cuius
1490 2009 1541 2076 rei
1563 2008 1682 2095 ipsius

365 2113 572 2202 Pherecydis
595 2114 791 2181 narratione
814 2113 996 2200 vestigium
1017 2113 1208 2200 praebetur,
1239 2135 1439 2202 quamquam
1461 2112 1685 2200 Pherecydes

365 2220 438 2306 ipse
465 2219 643 2285 Atlantem
672 2241 753 2285 sane
783 2218 911 2286 caelum
942 2219 1032 2285 ferre
1061 2225 1189 2285 narrat.
1236 2218 1338 2285 Atlas
1368 2218 1454 2284 enim
1485 2218 1515 2284 si
1543 2217 1683 2284 caelum

365 2324 436 2390 fert
456 2324 555 2389 iuxta
578 2323 686 2410 ipsum
702 2323 848 2389 Erebum
872 2328 907 2390 et
928 2322 1000 2389 fere
1023 2328 1102 2389 ante
1118 2323 1264 2389 Erebum
1285 2329 1378 2390 stare
1397 2323 1506 2390 dehet.
1540 2323 1682 2390 Erebns

368 2427 455 2494 enim
477 2434 555 2515 post
577 2427 661 2494 caeli
684 2428 768 2494 fines
791 2434 902 2495 estet
925 2451 1000 2495 esse
1023 2427 1133 2511 debet,
1166 2450 1240 2494 cum
1263 2428 1345 2496 solis
1368 2426 1474 2495 radiis
1496 2450 1683 2516 numquam

368 2533 571 2619 attingatur,
596 2533 630 2598 id
654 2533 741 2621 quod
765 2532 980 2618 Theogoniae
1003 2533 1230 2620 interpolator
1252 2533 1337 2600 scite
1359 2533 1543 2600 fabulatur.
1581 2538 1684 2599 terra

368 2645 480 2706 autem
504 2660 589 2725 quae
612 2637 722 2705 altera
745 2638 869 2704 Oceani
898 2638 975 2724 ripa
997 2637 1201 2705 terminatur
1223 2637 1356 2705 Erebns
1379 2639 1445 2706 iam
1468 2644 1537 2718 est,
1568 2660 1683 2725 neque

366 2750 478 2811 tamen
504 2743 679 2810 Atlantem
703 2743 830 2810 caelum
853 2743 1017 2811 serentem
1040 2749 1119 2809 ante
1136 2742 1370 2811 Prometheum
1394 2751 1487 2812 stare
1509 2743 1683 2831 Pherecy-

366 2848 426 2915 des
449 2854 577 2915 narrat.
622 2856 776 2936 apertum
799 2848 859 2914 hoc
882 2869 957 2915 esse
980 2847 1139 2915 indicium
1162 2871 1279 2915 censeo
1303 2848 1344 2915 de
1364 2848 1510 2916 Atlante
1536 2854 1572 2916 ct
1593 2848 1683 2914 Pro-

366 2952 496 3020 metheo
519 2951 553 3019 iu
577 2952 650 3039 ipso
670 2952 782 3020 Erebo
805 2953 945 3040 punitis.
991 2955 1086 3021 cuius
1109 2954 1159 3021 rei
1182 2956 1285 3021 etiam
1300 2954 1494 3042 Aeschylus
1516 2954 1681 3038 iudicium

367 3060 517 3146 praehet.
563 3056 750 3125 Mercurius
782 3058 884 3142 enim,
921 3081 994 3126 cum
1023 3059 1243 3127 Prometheus
1277 3060 1318 3127 de
1348 3060 1575 3144 matrimonio,
1610 3082 1680 3147 quo

367 3163 457 3229 filius
480 3170 577 3249 patre
600 3163 712 3250 potior
730 3170 900 3245 nascatur,
926 3164 1035 3231 dicere
1051 3171 1195 3247 recuset,
1219 3167 1334 3234 Iovem
1351 3189 1426 3233 eum
1441 3167 1476 3232 in
1493 3165 1680 3234 Tartarum

368 3268 589 3334 demissarum
613 3290 687 3334 esse
710 3267 885 3354 praedicit,
910 3291 1006 3357 quem
1030 3270 1210 3336 secundum
1231 3270 1414 3340 Hesiodum
1431 3270 1578 3339 Erebum
1600 3292 1680 3338 esse

365 3372 594 3439 intelleximus
623 3372 745 3456 (Prom.
769 3397 801 3439 v.
826 3374 949 3454 1017Χο
971 3373 1041 3456 K).
1092 3397 1154 3462 per
1183 3374 1318 3462 longum
1343 3375 1504 3463 temporis
1528 3375 1680 3463 spatium

365 3476 399 3541 in
424 3476 562 3543 Tartari
585 3477 735 3544 tenebris
759 3479 922 3560 manebit,
946 3479 1142 3567 priusquam
1165 3480 1288 3546 iterum
1309 3484 1367 3559 ‘stc
1389 3481 1485 3564 poior'
1508 3480 1620 3546 redire
1643 3480 1679 3545 ei

364 3580 491 3648 licebit.
535 3604 642 3670 neque
673 3605 690 3649 e
720 3582 865 3651 vinculis
896 3606 1002 3672 neque
1033 3585 1075 3651 ab
1097 3585 1212 3673 aquila
1241 3585 1456 3665 liberabitur,
1489 3584 1558 3651 nisi
1587 3583 1680 3651 alter

366 3686 449 3754 deus
481 3709 543 3753 sna
574 3695 694 3775 sponte
727 3710 788 3775 pro
820 3711 859 3756 eo
890 3689 926 3754 in
955 3688 1095 3755 Tartari
1126 3691 1286 3756 tenebras
1317 3691 1367 3757 ire
1397 3690 1491 3758 velit.
1544 3689 1677 3756 ultimis

365 3791 563 3877 tragoediae
581 3793 737 3859 versibus
760 3797 887 3860 terram
903 3793 1000 3860 Iovis
1023 3794 1161 3862 fulmine
1185 3795 1326 3862 discindi
1349 3794 1569 3863 describitur:
1593 3793 1678 3860 Pro·

366 3896 518 3962 metheus
542 3905 720 3983 antequam
743 3897 778 3962 in
801 3905 929 3964 terram
952 3899 1190 3984 submergatur
1212 3907 1352 3967 matrem
1376 3908 1411 3966 et
1433 3899 1546 3966 Solem
1566 3904 1678 3966 testes

366 4000 502 4066 invocat
524 4000 676 4084 iniuriae,
701 4024 766 4089 qua
787 4001 965 4069 afficiatur.
981 4042 1023 4052 —-
1042 4004 1145 4071 etiam
1160 4004 1352 4092 Aeschylus
1374 4005 1482 4091 igitur
1495 4004 1678 4092 pristinam

366 4126 465 4192 quam
488 4104 676 4172 deteximus
699 4104 835 4173 fabulae
857 4106 998 4190 formam
1021 4109 1126 4176 novit.
1171 4109 1283 4177 nescio
1312 4132 1355 4177 an
1385 4110 1458 4198 ipse
1481 4108 1677 4201 Aeschylus

366 4230 486 4278 novam
515 4210 651 4278 fabulae
679 4210 836 4293 formam,
870 4233 936 4300 qua
966 4211 1185 4282 Prometheus
1217 4215 1260 4282 ad
1287 4214 1473 4282 Caucasum
1499 4214 1675 4299 alligatur,

365 4314 551 4398 invenerit,
580 4321 620 4382 ut
642 4315 835 4383 Promethei
858 4317 1009 4385 fabulam
1033 4325 1069 4386 et
1089 4318 1266 4406 tragoedia
1289 4319 1408 4388 docere
1435 4325 1471 4386 et
1493 4341 1566 4385 cum
1581 4318 1677 4384 Ionis

366 4419 590 4508 Herculisque
621 4420 745 4488 fabulis
779 4422 946 4489 commode
976 4424 1176 4510 coniungere
1205 4431 1332 4513 posset.
1384 4430 1502 4512 aperte
1532 4423 1677 4490 alteram

367 4523 527 4610 trilcgiae
548 4525 760 4611 tragoediam
783 4549 901 4595 versus
918 4528 1061 4610 101es20
1076 4529 1277 4615 significant,
1302 4529 1423 4617 quibus
1438 4526 1677 4595 Prometheum

366 4628 468 4716 longo
491 4630 652 4717 temporis
676 4630 787 4717 spatio
810 4638 948 4718 peracto
971 4633 1006 4698 in
1028 4633 1135 4700 lucem
1157 4633 1344 4702 rediturum
1368 4656 1442 4701 esse
1458 4633 1550 4700 dicit.
1580 4631 1676 4698 nimi·

367 4756 442 4802 rum
465 4756 540 4800 eum
562 4734 693 4802 redisse
716 4758 851 4804 necesse
876 4743 961 4819 erat,
984 4741 1024 4803 ut
1047 4760 1110 4826 quo
1133 4739 1230 4806 modo
1252 4738 1295 4807 ab
1311 4738 1458 4806 Hercule
1480 4743 1516 4806 et
1531 4734 1679 4805 Chirone

369 4839 537 4908 liberatus
561 4844 653 4907 esset
674 4840 869 4929 Aeschylus
892 4842 1070 4931 tragoedia
1093 4843 1211 4912 docere
1232 4850 1358 4933 posset.
