3659 5509
1019 445 1063 510 54

389 622 520 689 ordine:
554 622 620 688 iam
643 618 771 686 ultimis
794 615 960 697 versibus,
995 615 1053 701 qui
1075 613 1119 682 ad
1141 613 1268 681 Persen
1292 618 1457 701 spectant,
1491 612 1708 698 singulorum

389 727 544 793 iniuriam
569 726 670 791 etiam
693 723 758 789 toti
781 719 904 809 populo
925 719 1043 786 obesse
1063 719 1227 806 exposuit.
1266 719 1354 808 quod
1378 718 1429 785 ita
1452 740 1528 785 esse
1550 718 1620 784 iure
1643 716 1707 782 his

389 830 553 911 versibus,
584 828 705 915 quibus
728 849 825 913 reges
849 824 1053 912 adloquitur,
1078 829 1322 902 commemorat,
1353 845 1437 912 quos
1461 823 1707 909 cumprimum

389 935 565 1003 adlocutus
597 940 689 999 esset
721 955 760 998 eo
790 935 924 998 tantum
954 928 1093 995 consilio
1117 929 1160 995 ab
1183 928 1307 995 iniuria
1334 927 1525 1009 revocavit,
1560 948 1601 993 ne
1630 924 1709 1013 ipsi

389 1040 590 1107 detrimento
623 1043 725 1124 atque
760 1034 922 1102 dedecore
955 1037 1143 1101 uterentur.
1189 1031 1295 1100 multo
1325 1032 1463 1099 maioris
1499 1035 1610 1098 autem
1643 1035 1707 1097 est

389 1144 546 1211 momenti
568 1163 667 1226 reges
689 1141 799 1207 iustos
823 1138 946 1226 populo
962 1138 1132 1225 prodesse,
1157 1159 1255 1223 reges
1271 1137 1415 1204 iniustos
1431 1136 1555 1223 populo
1570 1136 1706 1201 obesse.

390 1247 497 1314 totius
525 1245 640 1334 populi
671 1245 778 1330 igitur
809 1243 968 1310 servandi
999 1264 1101 1310 causa
1124 1264 1221 1328 reges
1244 1241 1378 1308 iustitia
1400 1247 1542 1308 utantur
1564 1261 1707 1306 necesse

390 1359 458 1420 est:
493 1350 646 1435 qoidqru'd
668 1350 806 1414 delirant
830 1368 934 1431 repes,
962 1347 1143 1429 plectuntur
1165 1347 1280 1413 Achivi
1302 1384 1344 1393 -
1376 1346 1437 1412 hoc
1461 1343 1584 1411 Horati
1608 1349 1708 1410 recte

392 1457 495 1524 affert
523 1455 710 1537 Rzachius,
745 1461 785 1520 ut
819 1453 927 1520 totius
962 1452 1025 1519 loci
1058 1474 1191 1519 sensum
1222 1451 1378 1538 explicet.
1437 1451 1500 1518 hac
1530 1450 1709 1518 sententia

391 1565 482 1630 inter
504 1582 541 1626 se
564 1559 812 1644 coniunguntur
835 1558 896 1624 hoc
919 1563 955 1624 et
978 1558 1178 1624 antecedens
1201 1556 1391 1623 Kirchhoffi
1415 1556 1579 1638 ‘carmen’,
1615 1576 1708 1643 quae

393 1665 480 1732 sicut
511 1662 749 1731 antecedentes
783 1670 900 1749 aperte
931 1661 1021 1729 inter
1053 1683 1090 1728 se
1121 1669 1345 1749 opponuntur.
1390 1683 1557 1748 opponere
1588 1667 1708 1727 autem

393 1769 502 1855 magis
533 1791 631 1856 quam
666 1767 836 1855 expressis
868 1765 983 1833 verbis
1015 1766 1216 1852 coniungere
1251 1766 1403 1852 singulas
1436 1772 1552 1853 partes
1585 1764 1709 1832 debuit

393 1873 574 1953 Hesiodus,
604 1895 677 1940 cum
700 1870 806 1938 Persa
830 1877 865 1937 et
887 1871 1025 1956 regibus
1048 1870 1197 1937 vicissim
1219 1870 1399 1938 admonitis
1422 1892 1555 1938 carmen
1578 1869 1707 1957 produ-

393 1977 530 2045 cendum
553 1976 619 2045 sibi
641 1975 884 2064 proposuisset.
922 1974 1049 2042 Persen
1070 1980 1171 2042 antea
1192 1998 1228 2043 se
1248 1975 1439 2042 adlocutum
1456 1997 1530 2042 esse
1546 1974 1608 2042 hoc
1623 1996 1709 2062 quo·

394 2104 458 2170 que
476 2082 548 2149 loco
570 2087 688 2169 aperte
710 2079 880 2165 significat
902 2079 1016 2146 verbis
1034 2080 1140 2163 ‘iuste
1160 2079 1203 2145 δὲ
1222 2080 1472 2164 καταφράζεσθε
1491 2078 1561 2145 καὶ
1579 2077 1708 2146 αὐτοὶ

393 2189 493 2271 τήνδε
508 2187 615 2270 dtupv'
633 2185 680 2272 (v.
692 2185 815 2265 248l9),
840 2206 926 2272 quae
951 2185 1054 2251 verba
1077 2184 1143 2249 nisi
1166 2184 1209 2251 ad
1228 2183 1355 2251 Persen
1378 2183 1474 2250 modo
1496 2184 1708 2253 admonitum

394 2295 588 2377 spectarent
618 2288 773 2374 intellegi
804 2288 991 2375 nequirent.
1038 2288 1152 2354 verbis
1176 2290 1286 2372 *τήνδε
1309 2289 1415 2373 δίκην
1440 2288 1584 2355 adiectis
1607 2310 1645 2354 se
1668 2288 1707 2353 in

395 2394 509 2462 eadem
543 2416 581 2461 re
609 2393 740 2461 versari
770 2393 908 2480 insuper
938 2391 1109 2478 significat
1138 2393 1178 2458 de
1206 2413 1272 2479 qua
1303 2392 1438 2460 dixerit.
1483 2393 1525 2460 de
1547 2394 1708 2460 versibus

394 2499 494 2584 26112
518 2520 601 2587 quos
623 2497 787 2564 Lehrsius
810 2496 1028 2563 removendos
1053 2519 1127 2564 esse
1150 2497 1282 2564 censuit
1305 2496 1546 2583 Goettlingiua
1584 2497 1708 2564 Schoe-

396 2625 544 2686 mannus,
568 2601 797 2670 Kirohhoffius
820 2601 982 2689 quomodo
1006 2601 1053 2668 sit
1075 2600 1287 2668 iudicandum
1310 2602 1553 2687 significarunt.
1597 2624 1710 2690 neque

396 2708 498 2787 onim,
536 2712 575 2774 ut
607 2705 771 2773 Lehrsius
806 2705 986 2788 iudicavit,
1020 2707 1119 2786 inepti
1154 2711 1248 2787 sunt,
1287 2728 1360 2772 cum
1395 2707 1445 2784 bic
1479 2727 1566 2790 repes
1599 2709 1710 2773 admo·

394 2817 532 2878 amatur
553 2817 581 2876 et
602 2812 829 2888 deterreantur,
869 2808 929 2875 sed
963 2832 1004 2876 ne
1037 2816 1180 2896 possunt
1211 2809 1344 2899 quidem
1378 2811 1509 2879 omitti:
1548 2811 1584 2878 id
1616 2811 1706 2877 enim

396 2920 519 3001 agunt,
552 2920 592 2981 ut
614 2937 723 3000 reges,
757 2936 798 2980 ne
831 2913 967 2980 iustitia
996 2912 1151 2999 neglecta
1173 2915 1239 2981 toti
1262 2916 1384 3002 populo
1407 2914 1494 2982 male
1517 2915 1709 2998 consulant,

397 3019 601 3087 deterreant.
647 3018 710 3087 hac
743 3019 924 3106 praecipue
959 3018 1145 3100 sententia,
1179 3024 1219 3084 ut
1249 3019 1404 3105 exposui,
1439 3018 1521 3086 haec
1547 3019 1710 3086 carminis

396 3123 565 3212 particula
593 3146 666 3190 cum
694 3121 912 3189 antecedente
936 3122 1161 3208 coniungitur,
1193 3127 1234 3189 ut
1254 3122 1365 3210 ipsum
1388 3144 1524 3190 acumen
1548 3124 1709 3191 versibus

397 3228 497 3308 261Ι2
521 3227 661 3295 remotis
683 3227 750 3293 toti
771 3226 844 3292 loco
868 3226 970 3292 adimi
993 3227 1160 3293 videatur.
1205 3251 1261 3293 vv.
1282 3228 1381 3308 ausu
1404 3228 1489 3294 banc
1510 3250 1627 3314 regum
1650 3228 1711 3295 ad·

397 3331 612 3398 monitionem
644 3336 761 3417 aperte
793 3330 1005 3397 concludunt.
1050 3339 1163 3398 tamen
1190 3330 1421 3399 Kirohhoftius
1451 3332 1612 3399 ‘carmini'
1645 3355 1709 3400 suo

397 3434 494 3503 addit
528 3435 630 3502 etiam
660 3457 714 3502 vv.
738 3435 930 3516 265-269,
966 3457 1105 3523 quorum
1140 3435 1287 3522 priores,
1326 3458 1371 3503 sc.
1399 3459 1454 3504 vv.
1479 3436 1595 3519 2bbl6,
1631 3438 1709 3505 inre

396 3537 615 3607 removendos
649 3560 723 3605 esse
759 3544 883 3605 censet.
939 3540 1153 3626 proverbium
1185 3546 1238 3606 est
1269 3540 1357 3627 quod
1389 3540 1556 3607 similibus
1589 3542 1707 3609 verbis

398 3664 591 3730 expressum
622 3642 723 3709 etiam
756 3664 777 3708 a
807 3641 991 3709 Plutarcho
1023 3644 1078 3729 (de
1110 3665 1187 3711 sera
1217 3666 1305 3710 num.
1337 3643 1429 3711 vind.
1462 3646 1512 3730 9),
1547 3645 1636 3712 unde
1670 3646 1708 3712 in

397 3746 637 3832 Anthologiam
660 3745 851 3813 Palatinam
880 3748 1037 3832 pervenit
1059 3747 1124 3832 (IX
1147 3747 1260 3834 183⁶),
1295 3753 1331 3814 et
1353 3770 1374 3815 a
1396 3746 1601 3816 Callimacho
1623 3750 1706 3836 (frg.

399 3850 462 3917 222
484 3849 597 3936 Schn.)
620 3850 781 3917 traditur.
827 3851 888 3917 hoc
917 3852 990 3918 loco
1020 3858 1111 3919 certe
1142 3852 1385 3921 sententiarum
1416 3875 1572 3920 conexum
1600 3854 1711 3922 inter-

399 3955 537 4042 rumpit.
581 3977 636 4020 vv.
660 3953 833 4020 267-269
857 3954 886 4021 si
911 3955 1062 4022 ‘carmen’
1087 3957 1299 4037 concludunt,
1330 3979 1488 4025 versuum
1510 3957 1612 4037 26314
1634 3981 1711 4025 sen·

398 4058 507 4126 tentia
530 4062 631 4145 atque
652 4056 706 4123 vis
738 4061 829 4124 certe
858 4058 1075 4126 imminuitur.
1122 4060 1207 4127 nihil
1237 4061 1331 4128 aliud
1365 4063 1451 4128 euim
1474 4061 1527 4128 his
1551 4062 1710 4131 versibus

398 4163 572 4251 profertur
601 4167 703 4249 atque
735 4185 790 4229 vv.
813 4161 997 4246 258-262,
1033 4163 1251 4232 concludendi
1284 4171 1397 4233 autem
1432 4166 1484 4231 vis
1521 4165 1621 4253 plane
1657 4166 1711 4235 hia

398 4266 552 4334 versibus
585 4265 691 4333 deest.
747 4265 852 4332 multo
886 4267 999 4354 aptior
1033 4268 1076 4335 ad
1109 4275 1240 4355 partem
1272 4270 1431 4338 carminis
1465 4270 1519 4337 vel
1555 4276 1710 4338 ‘carmen'

399 4369 659 4437 concludendum
679 4391 753 4437 esse
770 4369 906 4436 videtur
923 4393 1044 4439 versus
1059 4372 1133 4453 273,
1155 4395 1250 4461 quem
1267 4373 1498 4441 Kirchhotfius
1514 4381 1626 4442 tamen
1643 4399 1714 4445 una

399 4496 472 4541 cum
503 4473 779 4541 antecedentibus
811 4476 965 4561 sequenti
998 4476 1156 4543 ‘carmini'
1190 4478 1361 4545 attribuit.
1419 4501 1487 4567 qua
1519 4502 1556 4546 re
1587 4479 1712 4547 Kireh·

399 4577 537 4659 hoffius,
573 4584 612 4644 ut
645 4600 700 4644 vv.
726 4577 899 4644 270-273
934 4579 976 4645 ab
1013 4580 1290 4649 antecedentibus
1326 4583 1381 4650 vel
1417 4583 1459 4650 ab
1493 4582 1714 4652 antecedente

401 4680 563 4748 ‘carmine’
588 4687 792 4762 secerneret,
824 4689 996 4769 permotus
1021 4687 1077 4767 sit,
1111 4685 1211 4753 facile
1234 4687 1434 4773 intellegere
1456 4686 1546 4755 lieet.
1592 4710 1713 4776 nempe

399 4785 453 4852 his
471 4783 626 4851 versibus
648 4805 747 4869 reges
770 4783 863 4851 nullo
886 4786 983 4854 modo
1000 4789 1243 4875 significantur,
1269 4790 1313 4857 ad
1329 4813 1412 4877 quos
1427 4798 1539 4859 tamen
1554 4799 1714 4879 quartum

401 4892 553 4956 ‘carmen’
576 4894 720 4974 spectat.
765 4889 885 4957 melius
908 4898 999 4961 certe
1023 4894 1076 4960 his
1099 4893 1270 4978 versibus,
1305 4895 1363 4982 qui
1385 4894 1492 4983 ipsius
1515 4900 1635 4982 poetae
1658 4896 1709 4963 in·
