3659 5509
989 325 1033 391 40

360 499 501 566 Hesiodi
524 499 669 565 alienum
691 520 755 563 non
780 502 864 581 erat,
888 496 925 564 id
943 497 1031 585 quod
1050 497 1250 586 praesertim
1274 520 1315 565 ex
1330 497 1476 585 Operum
1499 496 1677 575 versun,

361 605 417 691 qui
441 604 484 671 ad
508 602 719 687 Theogoniae
743 627 774 669 v.
797 602 862 668 225
885 609 1027 690 spectat,
1052 602 1291 688 cognoscimus,

447 708 488 773 In
517 707 709 774 Promethei
746 707 853 794 igitur
890 706 1007 774 fabula
1042 707 1187 795 Operum
1223 714 1324 795 poeta
1360 712 1451 775 certe
1485 706 1677 774 Hesiodum

361 814 526 880 imitatur.
562 813 664 880 aliter
680 817 791 878 autem
806 812 846 879 dc
863 811 989 898 Theog.
1013 837 1045 879 v.
1068 813 1132 879 559
1155 812 1368 879 iudicandum
1391 819 1446 879 est
1468 811 1526 900 qui
1547 812 1677 878 iterum

363 924 477 984 exstat
500 919 534 983 11
558 916 724 1004 Operibus
747 918 792 1000 (v.
804 918 869 1002 54).
909 917 964 1001 (cf.
989 917 1090 983 etiam
1114 915 1240 1002 Theog.
1264 939 1295 983 n.
1319 915 1407 1003 543).
1452 916 1674 1005 nequeenim

362 1047 392 1090 v.
417 1023 481 1089 543
511 1044 617 1110 neque
646 1045 677 1089 v.
701 1021 766 1087 559
788 1021 929 1087 Hesiodi
962 1043 1036 1088 esse
1069 1022 1284 1107 cognovimus
1315 1029 1455 1109 propter
1484 1044 1604 1088 novam
1635 1026 1676 1087 et

362 1150 443 1194 sane
474 1126 661 1193 inauditam
684 1125 908 1193 adlocutionis
938 1126 1112 1208 rationem,
1147 1148 1233 1214 quae
1261 1125 1315 1193 his
1345 1127 1498 1193 versibus
1529 1126 1676 1192 adiectis

367 1231 523 1297 efficitur.
570 1238 607 1297 at
629 1231 658 1297 si
682 1252 839 1297 versuum
863 1252 1021 1296 conexum
1044 1230 1078 1296 in
1103 1229 1268 1318 Operibus
1291 1230 1570 1312 consideraveris,
1599 1252 1679 1297 ver·

364 1359 435 1402 sum
458 1336 502 1401 54
530 1336 577 1401 ibi
608 1358 671 1401 non
704 1335 810 1400 solum
841 1334 1018 1401 offensioni
1047 1357 1112 1401 non
1143 1357 1233 1417 esse,
1266 1335 1325 1401 sed
1352 1357 1393 1402 11
1416 1357 1515 1423 posse
1538 1334 1674 1423 quidem

362 1441 528 1507 removeri
551 1440 723 1510 iudicabis.
770 1438 863 1507 nulla
886 1439 940 1505 hic
961 1440 997 1506 in
1020 1439 1233 1507 adlocutione
1257 1440 1407 1521 offensio,
1438 1439 1507 1520 sed,
1536 1447 1577 1505 ut
1603 1440 1673 1506 iam

363 1568 466 1632 supra
482 1545 549 1632 (pg.
563 1546 616 1632 17)
634 1545 781 1633 exposui,
808 1545 985 1632 aptissima
1008 1544 1110 1612 etiam
1133 1544 1194 1610 hoc
1209 1544 1281 1611 loco
1298 1548 1412 1611 exstat
1426 1545 1546 1626 ironia,
1572 1566 1672 1631 quam

363 1651 397 1716 in
421 1650 533 1737 priore
557 1649 770 1735 Theogoniae
807 1648 944 1717 fabulae
974 1650 1109 1737 saepius
1138 1650 1401 1717 observavimus.
1446 1650 1481 1716 in
1504 1647 1674 1736 Operibus

364 1755 471 1841 igitur
501 1777 542 1821 11
573 1754 740 1820 minimam
763 1753 895 1841 quidem
918 1758 1032 1822 movet
1054 1755 1284 1836 offensionem,
1318 1777 1390 1821 cum
1413 1776 1454 1821 ex
1477 1754 1674 1839 Theogonis

364 1884 419 1926 vv.
452 1859 515 1925 543
548 1867 583 1925 11
612 1859 676 1925 559
711 1859 812 1925 etiam
844 1859 1062 1925 removendos
1095 1883 1170 1926 esse
1197 1859 1390 1926 viderimus.
1442 1866 1534 1926 certe
1564 1860 1674 1944 igitur

366 1965 401 2029 hi
432 1963 646 2050 Γ1111111111
676 1985 795 2030 versus
825 1963 911 2050 (543,
943 1964 1022 2050 559)
1054 1964 1098 2030 ad
1127 1965 1271 2052 Operum
1303 1987 1436 2032 versum
1464 1964 1508 2031 54
1541 1964 1674 2030 inventi

367 2077 402 2135 11
431 2070 466 2134 11
497 2091 630 2135 carmen
661 2068 779 2135 inserti
811 2072 898 2133 sunt.
945 2069 1006 2135 hoo
1036 2075 1149 2136 autem
1179 2069 1223 2136 ad
1251 2092 1351 2135 unum
1374 2075 1507 2136 tanturn
1537 2091 1672 2135 versum

366 2175 532 2260 pertinet:
567 2173 780 2239 nihilominus
812 2172 847 2238 in
877 2172 1043 2261 Operibus
1076 2173 1165 2260 ignis
1195 2175 1323 2240 furtum
1354 2174 1536 2242 secundum
1567 2173 1674 2241 ‘Pheo-

367 2277 487 2364 goniae
510 2277 738 2344 narrationem
760 2284 932 2345 narratur.

455 2381 645 2449 Promethei
669 2382 786 2449 fabula
814 2383 847 2448 in
871 2382 1066 2468 Theogonis
1097 2382 1307 2469 abrumpitur
1334 2405 1364 2448 v.
1388 2383 1462 2464 569,
1493 2390 1673 2471 antequam

368 2487 601 2553 Prometheum
625 2510 644 2553 a
664 2486 745 2554 Iove
767 2488 921 2575 punitum
938 2510 1012 2554 essa
1028 2486 1196 2553 Hesiodus
1217 2486 1420 2553 narraverit.
1458 2487 1676 2573 subiungitur

369 2600 481 2659 autem
504 2615 535 2658 v.
548 2592 613 2658 570
635 2615 676 2658 ex
698 2592 871 2678 inopinato
886 2592 1003 2659 fabula
1025 2593 1152 2680 primae
1179 2591 1330 2658 mulieris
1352 2614 1450 2679 quam
1467 2593 1509 2658 ab
1524 2591 1674 2660 Hesiodo

369 2698 512 2764 alienam
544 2718 617 2761 esse
649 2695 888 2763 intelleximus.
943 2702 1049 2763 totam
1082 2697 1307 2764 narrationem
1341 2717 1446 2783 usque
1477 2695 1521 2761 ad
1554 2720 1586 2762 v.
1610 2697 1674 2763 589

369 2802 487 2867 aviro
511 2821 590 2866 vere
612 2807 713 2886 poeta
735 2801 907 2866 inventam
931 2823 1005 2867 esse
1034 2823 1099 2866 non
1122 2823 1222 2888 posse
1246 2799 1361 2866 studui
1384 2800 1609 2887 comprobare.
1632 2840 1673 2850 —

370 2928 489 2972 versus
513 2904 553 2971 de
576 2903 768 2972 Promethei
800 2904 980 2991 supplicio,
1013 2905 1070 2993 qui
1102 2906 1181 2973 olim
1211 2927 1345 2972 versum
1367 2904 1432 2971 569
1461 2911 1673 2992 exceperunt,

371 3015 489 3098 aperte
512 3009 623 3076 111111
645 3009 763 3076 fabula
793 3009 926 3076 adiecta
956 3009 1088 3097 expulsi
1117 3015 1204 3076 sunt.
1250 3009 1308 3097 qui
1331 3009 1438 3094 igitur
1460 3008 1675 3095 Theogoniae

369 3114 597 3183 narrationem
613 3114 874 3201 interpolatione
889 3115 954 3180 iam
969 3120 1101 3182 auctam
1117 3114 1318 3197 imitaretur,
1334 3114 1364 3180 ei
1380 3113 1516 3181 fabulae
1542 3115 1605 3195 ita,
1635 3121 1675 3181 ut

370 3244 431 3287 nos
453 3242 511 3287 cas
533 3219 686 3305 legimus,
711 3219 905 3286 coniunctae
922 3220 1130 3285 enarrandae
1146 3224 1309 3286 erant-
1325 3225 1443 3285 111111
1458 3219 1493 3284 11
1508 3218 1676 3308 Operibus

370 3326 445 3392 ideo
468 3330 600 3392 tantum
623 3323 815 3391 Promethei
843 3323 994 3391 fabulam
1022 3324 1157 3390 narrari
1185 3323 1347 3407 vidimus,
1379 3328 1419 3388 11
1442 3324 1612 3393 eifabula
1635 3325 1676 3392 de

369 3429 478 3518 prima
508 3428 647 3495 muliere
677 3452 698 3496 1
727 3428 809 3496 1111
839 3436 953 3496 111111
982 3429 1251 3514 subiungeretur.
1306 3427 1388 3495 haee
1418 3434 1472 3495 111
1503 3429 1546 3496 ad
1578 3451 1677 3518 quam

371 3535 516 3622 Operum
538 3542 639 3622 poeta
668 3533 788 3616 tendit,
813 3556 910 3622 quam
940 3554 1067 3600 summa
1089 3539 1164 3600 arte
1188 3539 1340 3599 ornatam
1363 3534 1508 3620 exponit.
1554 3540 1678 3614 tamen,

371 3639 504 3706 etiamsi
526 3638 717 3706 Promethei
747 3638 896 3704 fabulam
928 3658 1183 3705 commemorare
1213 3643 1343 3704 tantum
1373 3637 1537 3719 voluerit,
1572 3660 1678 3726 usque

371 3743 414 3811 ad
436 3743 535 3809 finem
557 3764 630 3808 eam
655 3741 820 3829 perducit,
848 3764 987 3829 quacum
1011 3742 1153 3808 alteram
1176 3741 1325 3808 fabulam
1348 3740 1472 3828 optime
1494 3743 1678 3828 coniungit,

372 3871 444 3915 eum
467 3869 533 3934 qua
562 3846 694 3912 ratione
724 3843 859 3912 fabulae
888 3846 923 3911 in
948 3844 1143 3931 Theogonis
1174 3845 1371 3912 1111111111
1401 3846 1471 3911 1111
1498 3846 1599 3913 valde
1631 3847 1677 3913 11·

371 3951 586 4018 fenderimus.
631 3949 824 4016 Promethei
847 3972 955 4036 poena
977 3949 1147 4016 indicatur
1169 3955 1303 4017 tantum
1326 3949 1437 4017 verbis
1461 3955 1520 4018 σοί
1537 3950 1565 4017 τ’
1591 3954 1679 4040 αὐτῷ

372 4056 455 4141 μέγα
477 4064 582 4140 πῆμα,
612 4056 701 4122 11111
729 4076 802 4121 eam
832 4054 983 4120 indicare
1007 4053 1147 4121 decebat
1169 4061 1316 4142 poetam,
1351 4056 1408 4143 qui
1432 4077 1505 4122 eam
1528 4055 1681 4124 breviter

372 4163 407 4227 in
430 4161 621 4227 memoriam
643 4159 792 4226 voluerit
821 4160 870 4225 eis
901 4180 1073 4240 revocare,
1104 4159 1225 4247 quibus
1248 4158 1390 4226 alteram
1413 4158 1561 4226 fabulam
1585 4161 1682 4247 large

374 4265 589 4354 expositurus
621 4275 705 4331 erat.
749 4269 861 4329 tamen
884 4262 1120 4331 Prometheum
1147 4264 1299 4352 punitum
1323 4286 1397 4331 esse
1424 4285 1681 4333 commemorare

374 4393 440 4437 non
463 4369 591 4436 omittit
613 4391 673 4436 nco
696 4390 768 4433 cum
790 4367 907 4434 fabula
934 4367 1133 4454 imperfecta
1155 4368 1296 4435 alteram
1318 4368 1504 4454 coniungit,
1534 4369 1570 4435 id
1592 4370 1682 4458 quod

374 4477 409 4541 in
443 4473 637 4559 Theogonis
671 4474 798 4539 factum
830 4494 905 4538 esso
938 4472 1093 4540 vidimus.
1148 4496 1244 4559 ergo,
1280 4473 1309 4538 si
1340 4495 1420 4540 vere
1453 4472 1682 4560 Theogoniam

375 4580 528 4646 imitatus
558 4583 625 4657 est,
658 4576 719 4643 hoc
742 4584 832 4643 certe
855 4577 896 4642 de
920 4598 980 4643 suo
1003 4599 1078 4644 eum
1101 4578 1264 4645 adiecisse
1286 4600 1422 4644 necesse
1445 4579 1508 4644 cst.
1534 4615 1572 4626 —
1600 4580 1682 4649 bene

376 4683 549 4772 Iuppiter:
582 4680 665 4766 ,tibi
686 4681 769 4769 ipse,
800 4681 920 4769 inquit,
951 4689 986 4748 11
1009 4681 1093 4750 viris
1116 4682 1241 4749 futuris
1264 4682 1387 4749 malum
1411 4682 1682 4769 comparavisti“.

378 4788 462 4856 viris
484 4786 570 4856 enim
593 4787 858 4855 commemoratis
881 4787 948 4854 iam
971 4787 1154 4854 transitum
1177 4786 1221 4854 ad
1244 4787 1387 4854 alteram
1410 4786 1558 4855 fabulam
1581 4795 1682 4875 poeta
