3659 5509
1009 407 1052 478 70

362 585 421 655 des
443 583 638 675 Polygnot',
661 607 717 673 pg.
741 581 806 668 52).
851 586 994 672 uterque
1018 580 1189 663 ‘astupeo’
1213 584 1268 650 est
1289 618 1333 630 -
1356 580 1440 650 11100
1461 581 1680 671 potissimum

358 698 483 761 1111111
505 714 623 759 eorum
646 713 721 759 esse
743 689 890 759 videtur.
937 687 1084 756 Tantalo
1106 688 1255 775 ingentis
1278 687 1352 756 saxi
1370 688 1474 757 moles
1490 687 1676 777 impendet,

360 804 462 888 atque
492 797 629 865 eandem
659 796 714 864 vel
744 796 886 863 similem
916 816 991 862 esse
1023 794 1096 862 eius
1125 801 1283 861 naturam
1310 794 1454 862 vidimus
1481 800 1583 883 atque
1611 796 1677 862 At·

360 904 476 986 lantis,
501 902 672 985 Menoetii,
695 900 888 968 Promethei
911 900 1074 988 epithetis
1102 899 1296 966 indicatam.
1341 899 1375 965 in
1399 900 1537 966 vasculo
1561 905 1678 968 autern

362 1009 548 1099 Cyrenaico
570 1007 680 1094 nigris
703 1005 821 1093 liguris
846 1012 1008 1072 exornato
1032 1006 1208 1072 Atlantem
1238 1004 1425 1092 reperimus
1447 1011 1565 1091 aperte
1589 1005 1677 1093 lapi·

360 1114 435 1181 dem
457 1119 648 1200 gestantem
670 1134 735 1177 non
759 1110 887 1179 caelum
911 1110 965 1192 (of.
982 1109 1151 1178 Gerhardi
1174 1110 1293 1177 delect.
1317 1133 1389 1178 vas.
1406 1109 1521 1194 1186).
1567 1119 1675 1199 atque

358 1220 409 1286 ita
432 1242 486 1285 res
510 1224 564 1284 est
587 1218 783 1297 constituta,
808 1221 846 1282 ut
869 1216 1005 1303 saepius
1021 1214 1204 1303 Sisyphum
1227 1216 1282 1282 vel
1299 1214 1483 1281 Tantalum
1503 1238 1524 1282 a
1541 1215 1676 1303 pictore

360 1323 564 1411 descriptum
587 1344 661 1390 esse
685 1321 751 1389 viri
775 1321 865 1388 docti
889 1320 1132 1399 contenderint,
1158 1320 1261 1387 donec
1278 1319 1479 1386 Welokerus
1495 1320 1677 1388 Atlantem

361 1435 397 1497 et
424 1428 660 1495 Prometheum
691 1427 893 1514 compositos
925 1447 1000 1493 esse
1032 1425 1239 1512 cognoverit.
1284 1425 1329 1492 H.
1352 1425 1559 1493 Schmidtius
1590 1426 1676 1510 (1.1.

359 1557 391 1621 p.
416 1535 494 1618 115)
518 1534 559 1601 de
582 1532 643 1599 hoo
665 1532 803 1599 vasculo
826 1553 931 1618 agens
958 1538 1070 1596 contra
1092 1533 1175 1597 hunc
1198 1532 1317 1612 virum,
1349 1530 1476 1619 inquit,
1508 1534 1569 1617 (sc.
1592 1531 1678 1599 Pro·

361 1636 1043 1723 1011011101ον011111111001101,
1074 1639 1129 1718 qui
1159 1658 1308 1720 mapsam
1339 1637 1461 1716 molem,
1491 1659 1571 1720 1100
1602 1638 1678 1703 soci

356 1748 494 1828 riparum
515 1744 620 1822 11101,
653 1742 708 1808 sed
735 1748 817 1808 certe
841 1741 961 1808 1101111
989 1748 1222 1822 repraesentat,
1254 1762 1376 1806 summo
1397 1744 1536 1806 carnium
1557 1744 1678 1809 viriam

357 1850 556 1915 correctione
577 1848 696 1913 umeris
713 1853 833 1929 portat.
880 1845 1032 1912 (11111
1055 1845 1228 1934 (Olympia
1246 1846 1360 1932 [1897]
1381 1845 1532 1928 111174)
1555 1847 1677 1913 molem

358 1976 457 2042 qnam
480 1952 701 2019 Prometheus
734 1952 804 2018 fert
836 1952 942 2018 nubes
973 1951 1193 2037 conglobatas
1224 1973 1298 2017 esse
1328 1957 1451 2018 censet.
1508 1951 1549 2018 de
1579 1952 1675 2019 caelo

358 2065 470 2126 tamen
495 2063 530 2125 et
552 2058 593 2125 de
616 2057 760 2123 nubibus
783 2056 940 2123 dubitare
970 2056 1067 2137 licet,
1104 2056 1133 2122 si
1156 2056 1298 2123 formam
1321 2056 1418 2123 molis
1442 2061 1574 2123 attente
1598 2079 1676 2124 con·

359 2163 546 2251 templario.
595 2169 774 2250 praeterea
803 2161 973 2249 speonlum
996 2160 1177 2228 Etruscum
1210 2161 1334 2228 afferre
1365 2161 1517 2249 expedit,
1551 2162 1676 2252 inquo

358 2268 521 2335 Hercules
543 2274 579 2334 et
595 2267 697 2334 Atlas
719 2266 819 2333 efficti
839 2274 919 2333 sunt
938 2265 995 2350 (cf.
1013 2265 1178 2348 Gerhard,
1203 2265 1414 2333 etrnskisohe
1436 2267 1575 2355 spiegel,
1599 2268 1672 2334 tab.
1741 2275 1748 2287 “

359 2375 422 2439 137
446 2380 482 2439 01
504 2372 757 2439 adnotationum
781 2371 847 2438 vol.
870 2372 929 2438 ΠΙ
954 2372 970 2438 1
995 2394 1050 2458 pg.
1076 2372 1162 2453 130).
1215 2371 1393 2437 Atlantem
1416 2372 1511 2439 vides
1535 2380 1675 2439 exstare

359 2478 416 2566 qui
432 2476 551 2545 molem
568 2477 715 2565 aliquam
731 2478 765 2542 in
782 2477 906 2543 umeris
922 2476 1069 2564 positam
1084 2482 1228 2564 utraque
1245 2499 1344 2543 manu
1361 2477 1519 2544 sustinet.
1556 2478 1673 2561 moles,

359 2605 444 2671 quae
472 2583 502 2649 ei
531 2582 688 2670 imposita
718 2587 786 2665 est,
821 2581 923 2647 simili
953 2581 1049 2647 modo
1081 2586 1135 2647 est
1165 2580 1274 2647 efficta
1304 2603 1370 2670 quo
1395 2605 1512 2650 saxum
1543 2583 1676 2649 vasculi

359 2688 558 2774 Cyrenaici,
594 2687 659 2753 uisi
683 2687 771 2775 quod
795 2686 892 2772 signa
915 2687 1078 2774 quaedam
1102 2686 1287 2753 minuscula
1310 2686 1444 2754 adiecta
1467 2695 1556 2755 sunt.
1601 2688 1675 2776 qui-

359 2793 422 2860 bus
452 2793 559 2878 signis
593 2792 757 2859 Koertius
788 2792 922 2878 quidem
954 2791 1074 2858 stellas
1106 2793 1356 2879 repraesentari
1388 2793 1480 2859 dicit.
1526 2793 1615 2881 quod
1644 2794 1677 2860 si

358 2920 474 2964 verum
507 2905 618 2980 01101,
653 2897 757 2964 moles
791 2920 873 2963 sane
905 2897 1033 2964 caelum
1065 2903 1173 2976 esset;
1214 2905 1252 2963 at
1287 2898 1389 2964 etiam
1423 2899 1485 2964 snb
1516 2898 1676 2966 Herculis

357 3002 580 3090 Atlantisque
613 3001 753 3089 pedibus
786 3002 900 3069 eadem
935 3003 1033 3087 signa
1063 3002 1172 3069 efficta
1196 3008 1286 3068 sunt.
1331 3001 1423 3069 nullo
1446 3002 1553 3089 igitur
1576 3004 1673 3070 modo

358 3107 457 3192 signa
480 3107 540 3173 illa
563 3108 684 3174 stellae
708 3130 781 3174 esse
803 3115 963 3193 possunt,
998 3130 1070 3174 oum
1093 3107 1128 3172 11
1152 3112 1245 3174 10111
1268 3106 1400 3194 aliqua,
1430 3131 1497 3174 non
1521 3108 1554 3173 in
1579 3108 1672 3175 caelo

358 3211 539 3278 Herculem
562 3217 597 3278 et
620 3212 798 3278 Atlantem
822 3212 950 3297 positos
975 3234 1049 3278 esse
1072 3234 1207 3278 necesse
1231 3212 1287 3278 sit.
1326 3212 1386 3278 sed
1405 3213 1481 3279 ideo
1497 3213 1596 3299 signa
1612 3214 1675 3280 1111

360 3317 519 3382 videntur
543 3317 653 3382 efficta
676 3339 760 3397 esse,
794 3323 834 3382 ut
857 3317 975 3382 molem
999 3316 1144 3404 aliquam
1169 3317 1336 3403 depictam
1359 3340 1433 3383 esse
1458 3318 1673 3385 manifestum

359 3422 416 3487 sit.
461 3421 494 3485 in
524 3428 667 3507 utraque
690 3421 796 3505 igitur
819 3422 965 3506 imagine
988 3422 1090 3487 Atlas
1117 3444 1234 3487 saxum
1256 3422 1392 3487 videtur
1414 3428 1569 3508 portare,
1603 3448 1670 3490 non

360 3526 496 3606 caelum,
521 3548 606 3613 quae
629 3549 684 3591 res
709 3524 854 3592 Tantalo
879 3531 1071 3612 comparato
1095 3526 1321 3593 confirmatur.

445 3630 589 3696 Praeter
614 3630 791 3697 Atlantem
823 3638 858 3697 et
890 3630 1072 3697 Tantalum
1105 3653 1169 3697 non
1202 3632 1308 3698 solum
1342 3631 1577 3718 comparandi,
1613 3635 1672 3699 sed

359 3733 461 3800 etiam
479 3740 553 3801 arte
574 3735 664 3801 inter
683 3757 718 3801 10
739 3757 812 3802 0110
831 3735 1053 3821 coniungendi
1074 3736 1231 3802 videntur
1247 3735 1466 3802 Prometheus
1486 3743 1521 3803 01
1536 3737 1673 3823 Tityus.

361 3847 396 3906 et
420 3838 600 3904 Tantalum
624 3846 659 3906 et
682 3839 820 3928 Tityum
846 3848 880 3908 et
902 3840 1085 3928 Sisyphum
1116 3842 1329 3927 conspicatus
1353 3846 1407 3907 est
1430 3841 1565 3920 Ulixes,
1596 3865 1673 3908 oum

361 3943 528 4010 Oceanum
560 3951 796 4029 transgressus
825 3946 859 4012 in
893 3953 1098 4011 mortuorum
1133 3968 1271 4031 regnum
1306 3946 1473 4032 pervenit.
1530 3945 1672 4034 Tityum

357 4048 529 4114 Pausania
548 4054 686 4115 auctore
707 4049 809 4115 etiam
826 4049 1039 4137 Polygnotus
1058 4050 1092 4115 in
1110 4050 1213 4117 Erebi
1234 4050 1379 4135 imagine
1397 4050 1517 4138 pinxit.
1553 4074 1574 4118 a
1590 4050 1672 4117 duo·

357 4153 421 4219 bus
445 4153 638 4220 vulturibus
661 4153 753 4220 iecur
776 4154 848 4221 eius
870 4153 1044 4222 laceratur
1067 4155 1155 4221 sicut
1172 4154 1365 4222 Promethei
1387 4177 1407 4221 a
1430 4155 1523 4222 Iovis
1546 4155 1670 4243 aquila.

357 4257 459 4325 etiam
483 4257 608 4346 Tityus
637 4257 672 4323 id
695 4258 783 4347 quod
807 4281 881 4325 eum
905 4259 1029 4326 habere
1052 4261 1148 4326 nefas
1172 4265 1247 4327 erat
1269 4260 1420 4346 arripere
1443 4266 1583 4327 conatus
1606 4266 1671 4342 est,

358 4362 447 4430 siout
471 4362 691 4429 Prometheus
714 4363 835 4450 ignem,
861 4386 957 4451 quem
980 4363 1137 4450 Iuppiter
1160 4386 1317 4431 recusare
1340 4364 1527 4445 constituit,
1558 4371 1671 4431 tamen

359 4474 478 4536 contra
499 4468 593 4534 Iovis
617 4468 826 4536 voluntatem
850 4470 915 4535 sibi
939 4468 994 4536 vel
1017 4468 1215 4551 hominibus,
1240 4492 1380 4557 quorum
1400 4469 1590 4535 simillimus
1606 4477 1671 4554 est,

357 4575 576 4660 comparavit.
622 4573 692 4640 noli
721 4574 902 4661 neglegere
926 4575 1104 4662 utriusque
1127 4573 1229 4656 iecur,
1262 4573 1351 4662 quod
1382 4573 1534 4641 libidinis
1558 4574 1673 4641 sedem

357 4699 431 4743 esse
450 4679 626 4762 putabant,
647 4703 667 4747 a
685 4680 878 4747 volucribus
896 4680 1058 4748 lacerari:
1083 4678 1126 4745 ad
1146 4679 1320 4765 culparum
1339 4678 1591 4745 similitudinem
1608 4679 1671 4746 hoc

358 4786 501 4867 spectat.
524 4780 714 4850 Promethei
730 4791 765 4851 et
777 4785 874 4873 Tityi
886 4786 1039 4874 exempla
1051 4790 1178 4853 certam
1191 4783 1321 4870 culpam
1333 4789 1427 4851 certa
1437 4805 1545 4871 poena
1556 4784 1671 4871 puniri

358 4886 599 4953 demonstrant.
626 4887 740 4975 itaque
753 4895 788 4956 et
800 4890 887 4976 qnod
901 4890 944 4957 ad
956 4889 1102 4957 indolem
1115 4897 1151 4956 et
1161 4888 1250 4978 quod
1263 4889 1305 4956 ad
1319 4887 1518 4977 supplicium
1530 4888 1669 4975 attinet,
