3659 5509
760 452 803 518 37

116 627 301 711 utramque
336 623 493 690 carminis
526 621 819 711 interpolationem
854 662 898 671 -
933 623 1093 706 alteram,
1137 647 1202 711 qua
1238 625 1433 693 ‘Pandorae‘

116 749 240 795 nomen
273 730 451 796 memoriae
484 727 656 816 proditur,
692 734 726 795 et
758 728 917 810 alteram,
954 751 1020 815 qua
1051 728 1168 795 fabula
1201 730 1242 796 de
1273 753 1340 798 una
1371 731 1433 797 illa

118 832 263 899 muliere
295 838 456 900 narratur
476 871 519 881 -
541 833 641 899 unius
664 856 738 900 esse
761 833 1016 920 interpolatoris
1040 835 1113 898 iure
1136 834 1343 920 colligimus,
1376 836 1433 921 qui

119 959 243 1004 versus
258 937 386 1004 69-82
402 944 541 1025 propter
564 961 681 1005 versus
698 939 849 1004 90-104
872 937 1157 1024 interpolaverit?
1179 961 1297 1004 nomen
1321 945 1433 1005 autem

119 1039 331 1124 ‘Pandorae',
365 1043 452 1130 quod
480 1042 514 1108 in
538 1043 691 1130 reliquiis
715 1042 887 1109 variarum
910 1041 1100 1108 fabularum
1124 1044 1165 1108 ab
1189 1044 1433 1131 interpolatore

120 1146 332 1213 concinnatis
356 1147 523 1232 exstabat,
549 1147 615 1213 alio
640 1147 796 1213 carminis
820 1146 892 1213 loco
916 1147 1165 1214 commemorari
1183 1148 1308 1215 debuit.
1344 1148 1432 1237 quod

119 1250 191 1337 ipsi
224 1272 341 1318 versus
364 1251 515 1318 90-104
544 1251 664 1339 quibus
695 1252 874 1339 pristinam
906 1251 1136 1319 narrationem
1168 1258 1328 1320 aucturus
1358 1260 1432 1321 erat

118 1376 242 1421 nomen
266 1354 459 1423 ‘Pandorae’
490 1379 556 1421 non
587 1356 809 1444 protulerint,
845 1356 963 1422 mirum
995 1379 1060 1423 non
1093 1367 1155 1424 est.
1207 1358 1241 1423 in
1276 1359 1431 1440 carmine,

120 1460 212 1546 quod
238 1460 368 1526 omnino
393 1460 587 1528 ‘Pandorae’
611 1461 759 1528 fabulam
791 1462 981 1540 enarravit,
1016 1462 1103 1527 unde
1135 1462 1282 1528 fortasse
1313 1485 1431 1530 versus

120 1565 304 1647 90-95-1-
320 1566 493 1633 100-104
515 1565 740 1653 interpolator
763 1566 917 1653 sumpsit,
942 1588 1006 1632 vox
1029 1567 1114 1650 γυνή
1132 1566 1320 1634 Pandoram
1344 1569 1431 1635 satis

119 1669 338 1756 significavit.
394 1671 619 1757 interpolator
653 1672 776 1756 igitur,
816 1678 855 1737 ut
887 1669 1005 1737 fabula
1040 1672 1124 1737 satis
1161 1672 1429 1758 intellegeretur,

118 1773 157 1840 in
170 1776 314 1863 priorem
324 1775 431 1841 locum
441 1775 595 1842 carminis
606 1798 725 1842 versus
736 1775 1031 1863 aliquanta-82)
1041 1776 1194 1859 inseruit,
1205 1778 1324 1864 quibus
1335 1777 1431 1845 ‘Pan-

118 1879 235 1947 dorae’
259 1902 375 1946 nomen
408 1879 610 1946 traderetur.
641 1918 684 1930 -
716 1885 832 1947 errant
860 1880 967 1966 igitur
999 1903 1110 1946 omnes
1142 1882 1346 1969 interpretes
1375 1906 1431 1949 an·

116 1976 211 2073 tiqui
235 2007 295 2051 nec
318 2007 384 2050 non
407 1990 568 2067 recentes,
592 1986 649 2073 qui
671 1986 812 2072 primam
830 1984 1002 2050 mulierem
1019 1985 1062 2050 ab
1079 1985 1226 2053 Hesiodo
1243 1985 1432 2053 Pandoram

114 2089 324 2156 nominatam
340 2111 414 2156 esse
430 2088 645 2155 contendunt.
678 2089 821 2156 nominis
838 2088 1070 2174 explicatione,
1090 2111 1189 2177 quam
1204 2090 1429 2178 interpolator

116 2193 256 2275 adiecit,
280 2193 315 2259 id
337 2194 473 2282 videtur
494 2194 616 2279 egisse,
640 2201 678 2261 ut
702 2193 966 2260 coniunctionem
989 2194 1079 2259 inter
1101 2195 1241 2281 primam
1257 2196 1430 2261 mulierem

116 2307 159 2368 et
182 2297 389 2366 ‘Pandoram'
420 2298 579 2366 artiorem
608 2298 766 2365 efficeret.
812 2299 920 2385 prima
952 2298 1073 2363 mulier
1103 2300 1146 2365 ab
1176 2300 1327 2366 omnibus
1357 2300 1429 2367 fere

116 2404 176 2472 dis
192 2403 382 2491 deabusque
398 2403 585 2469 hominibus
602 2404 712 2485 datur,
732 2403 934 2491 praesertim
949 2424 1020 2468 cum
1038 2403 1261 2491 interpolator
1277 2403 1428 2488 Gratias,

116 2509 244 2589 Horas,
269 2507 413 2575 Suadam
437 2508 477 2574 de
501 2530 560 2575 suo
578 2508 757 2575 addiderit.
797 2509 923 2574 rectior
946 2515 1057 2573 autem
1080 2509 1224 2575 nominis
1247 2510 1428 2597 explicatio

114 2613 362 2680 videturesse:
388 2619 483 2700 ‘quae
499 2613 609 2679 omnia
625 2614 705 2679 dat'.
744 2612 845 2679 etiam
862 2611 969 2678 Terra
989 2612 1075 2676 enim
1092 2616 1261 2700 Πανδώρη
1276 2619 1426 2696 vocatur,

117 2741 208 2807 quae
230 2726 321 2784 certe
351 2717 426 2804 ipsa
457 2717 499 2783 ab
523 2718 675 2784 omnibus
707 2719 759 2784 dis
792 2718 983 2804 deabusque
1014 2739 1079 2781 non
1111 2724 1165 2783 est
1194 2718 1334 2802 donata,
1369 2720 1428 2786 sed

115 2826 198 2912 ipsa
220 2822 371 2890 omnibus
394 2821 504 2889 omnia
527 2822 640 2889 donat.

208 2927 259 2993 De
276 2926 419 3012 singulis
443 2927 523 2992 haec
546 2927 682 2994 addam:
707 2950 826 2994 versus
845 2927 896 3009 93,
921 2949 961 2992 ex
985 2927 1122 2992 Homeri
1144 2927 1242 2993 τ360
1265 2935 1427 3015 sumptus,

115 3033 188 3100 iam
211 3032 331 3098 dudum
354 3054 414 3119 pro
430 3031 692 3118 interpolatione
712 3032 855 3098 habetur
875 3038 910 3097 et
926 3031 1053 3097 recenti
1070 3030 1211 3118 quidem,
1236 3031 1308 3098 loco
1325 3032 1428 3098 simili

117 3137 323 3224 adscriptus.
363 3136 403 3202 de
422 3158 524 3203 versu
538 3137 590 3217 95,
614 3137 671 3225 qui
689 3159 808 3203 versus
824 3137 868 3200 49
890 3135 1080 3203 simillimus
1096 3142 1159 3219 est,
1182 3141 1302 3222 postea
1318 3159 1426 3222 agam,

117 3265 194 3310 cum
218 3240 370 3330 quaestio
394 3241 435 3307 de
458 3240 510 3306 his
533 3242 690 3308 versibus
721 3242 762 3308 ad
791 3241 958 3307 rationem
981 3247 1127 3328 spectet,
1158 3262 1243 3326 quae
1267 3241 1356 3306 inter
1377 3247 1427 3305 to·

114 3353 189 3415 tam
212 3352 340 3434 partem
363 3345 625 3433 mythologicam
648 3352 683 3412 et
705 3348 780 3432 ipsa
802 3345 915 3433 Opera
937 3346 1136 3412 intercedat.
1162 3382 1203 3393 -
1227 3367 1347 3412 versus
1364 3345 1426 3411 105

116 3458 228 3519 totam
256 3451 482 3517 narrationem
513 3450 708 3517 concludere
738 3457 773 3517 et
796 3451 893 3538 quasi
927 3451 961 3515 in
993 3472 1091 3515 unum
1123 3473 1243 3537 corpus
1273 3449 1426 3535 redigere

118 3557 267 3635 videtur,
302 3577 374 3621 cum
407 3577 475 3621 rem
511 3556 552 3622 ad
583 3554 816 3622 Prometheum
850 3555 1014 3621 reflectat.
1080 3560 1117 3620 at
1151 3556 1259 3642 ipsum
1293 3561 1427 3642 poetam

119 3661 281 3743 fabulam,
315 3682 399 3747 quae
428 3661 606 3749 praecipue
638 3662 765 3748 primae
796 3659 946 3726 mulieris
978 3660 1140 3744 originem
1168 3660 1332 3740 narravit,
1368 3659 1428 3725 hoc

118 3767 218 3834 modo
242 3764 444 3832 conclusisse
467 3765 542 3852 quis
575 3765 687 3831 dicat?
731 3765 987 3852 interpolatoris
1011 3770 1079 3829 est:
1104 3784 1209 3850 neque
1234 3764 1329 3844 euim,
1356 3786 1430 3828 cum

121 3869 317 3937 ‘Pandorae’
340 3869 473 3952 fabula,
508 3870 596 3936 sieut
625 3870 868 3938 vetustissimis
896 3868 1103 3955 temporibus
1135 3868 1286 3949 exstitit,
1321 3890 1428 3955 neque
1535 3904 1537 3907 ·

119 3975 163 4044 ad
194 3973 429 4040 Prometheum
462 3996 568 4062 neque
602 3974 646 4041 ad
678 3974 913 4061 Epimetheum
947 3980 1120 4061 spectasse
1154 3973 1320 4053 videatur,
1355 3972 1428 4038 iure

119 4080 295 4168 quisquam
307 4078 685 4145 versum105cumhac
708 4078 824 4145 fabula
841 4084 915 4145 arte
933 4101 1007 4144 csse
1031 4078 1240 4145 coniunctum
1264 4076 1363 4156 dicat,
1390 4085 1428 4143 ut

119 4207 193 4251 eum
226 4184 328 4250 alteri
359 4182 493 4249 fabulae
524 4188 562 4249 'et
594 4183 732 4250 carmini
766 4184 941 4271 deperdito
975 4182 1162 4249 attribuere
1194 4180 1306 4247 liceat.
1354 4181 1427 4266 ipse

119 4288 344 4375 interpolator
368 4310 440 4353 eum
464 4288 610 4370 invenit,
645 4295 685 4353 ut
714 4287 1008 4375 interpolationem
1032 4309 1125 4352 suam
1149 4284 1216 4350 alio
1240 4307 1257 4350 e
1281 4285 1427 4350 carmine

120 4399 286 4479 sumptam
319 4392 420 4457 etiam
451 4392 561 4458 artius
594 4415 666 4459 cum
697 4394 841 4478 genuina
875 4391 1019 4478 Operum
1051 4389 1167 4456 fabula
1199 4388 1425 4475 coniungeret,

120 4519 205 4585 quae
228 4519 249 4563 a
272 4495 461 4561 Promethei
490 4496 606 4562 fabula
633 4496 866 4583 proficiscitur.
890 4534 933 4543 -
962 4517 1097 4561 versum
1119 4493 1162 4559 99
1191 4493 1426 4560 removendum

119 4623 194 4669 esse
216 4599 497 4687 Dimitrijevlcius
521 4601 556 4684 (l.
580 4600 603 4667 1.
628 4624 682 4687 pg.
707 4600 782 4686 174)
806 4600 871 4666 iam
895 4600 1136 4687 comprobavit.
1159 4635 1202 4647 -

205 4704 255 4772 Ut
285 4706 351 4770 iam
380 4705 421 4770 de
444 4704 590 4791 Operum
619 4706 816 4771 narratione
850 4704 1007 4792 loquendi
1040 4703 1139 4769 finem
1172 4702 1292 4769 faciam
1324 4709 1425 4790 atque

120 4808 381 4897 disputationem
415 4807 625 4891 concludam,
661 4808 812 4874 breviter
834 4809 964 4872 referre
986 4806 1067 4871 mihi
1089 4806 1207 4886 liceat,
1241 4829 1305 4894 quo
1328 4806 1424 4872 modo

118 4920 193 4982 tota
222 4933 280 4980 res
309 4913 356 4979 sit
385 4917 594 4999 comparata:
628 4912 763 4980 exstitit
789 4918 927 4979 vetusta
957 4909 1071 4998 aliqua
1094 4910 1211 4977 fabula
1234 4911 1275 4977 de
1298 4912 1424 4998 primae
