3659 5509
766 459 808 526 79

135 659 199 726 que
221 634 337 704 hausti
360 658 435 703 esse
457 634 616 703 videntur
632 657 688 702 vv.
704 634 879 702 ear-700
901 657 920 701 e
941 634 1088 703 carmine
1110 635 1170 702 illo
1186 635 1274 724 quod
1296 659 1443 724 pugnarn

136 748 255 811 contra
277 740 473 830 Typhonem
496 737 704 808 commissam
726 738 891 806 narravit.

217 846 293 930 Qua
321 869 359 914 re
382 868 540 915 concessa
570 845 673 912 aliter
699 844 740 911 de
767 844 900 911 ratione
924 866 1010 933 quae
1040 843 1131 912 inter
1155 844 1443 913 Titanomachiam

133 958 234 1041 atque
266 974 413 1040 pugnam
446 956 565 1019 contra
597 948 792 1038 Typhonem
827 949 1036 1016 commissam
1069 950 1260 1017 intercedat
1293 951 1443 1019 iudicare

131 1058 212 1126 licet
234 1080 333 1146 quam
349 1055 507 1145 Meyerus
531 1054 704 1122 iudicavit.
744 1060 835 1121 certe
858 1053 1114 1122 similitudinem
1134 1055 1189 1123 vel
1211 1056 1443 1142 cognationem

131 1162 222 1229 inter
250 1161 316 1243 ,has
350 1160 434 1228 duas
469 1166 586 1247 partes
619 1159 751 1225 omnino
785 1164 921 1226 exstare
955 1182 1021 1226 non
1053 1182 1150 1246 nego.
1206 1160 1267 1227 sed
1298 1160 1355 1248 qui
1387 1184 1442 1228 vv.

131 1267 305 1334 687-700
326 1266 423 1355 quasi
446 1272 526 1333 ante
549 1263 663 1332 oculos
686 1262 853 1347 babuerit,
878 1269 918 1331 ut
939 1265 990 1332 ita
1013 1264 1130 1347 dicam,
1161 1264 1193 1333 ei
1215 1271 1346 1333 ceteros
1369 1288 1443 1333 ver·

131 1395 189 1441 sus
210 1372 244 1439 in
263 1371 373 1439 altera
388 1377 486 1458 parte
500 1370 698 1453 (820-880)
716 1373 891 1436 exstantes
915 1370 1063 1437 scribere
1084 1392 1150 1437 non
1168 1370 1277 1454 licuit,
1301 1370 1442 1438 simodo

131 1482 251 1565 poetae
283 1477 414 1543 animus
446 1475 478 1541 ei
511 1474 632 1541 inerat.
683 1474 838 1541 versibus
869 1474 1040 1561 prioribus
1072 1476 1178 1542 bonus
1209 1475 1263 1543 vel
1296 1476 1443 1562 optimus

132 1604 252 1650 sensus
276 1581 434 1648 efficitur:
466 1586 576 1647 toturn
600 1578 756 1644 mundum
780 1579 899 1646 ardere
923 1579 1048 1646 dicunt.
1095 1587 1196 1668 atque
1226 1579 1444 1667 progreditur

132 1694 235 1775 poeta
257 1685 298 1753 de
312 1689 391 1773 γαίᾳ
413 1685 549 1752 incensa
565 1684 667 1772 (693),
692 1684 786 1751 cuius
802 1691 920 1772 partes
936 1722 975 1733 -
994 1707 1039 1751 sc.
1055 1684 1163 1772 ipsam
1178 1689 1305 1753 terram
1321 1685 1443 1772 (χθών)

132 1795 169 1859 et
190 1792 297 1859 maria
321 1791 501 1876 (Ὠκεανοῖο
524 1788 648 1876 ῥέεθρα
672 1789 748 1876 695)
771 1827 814 1839 -
837 1790 955 1871 affert,
989 1788 1030 1856 ad
1059 1811 1099 1856 ea
1122 1812 1207 1878 quae
1231 1790 1293 1856 sub
1316 1796 1444 1858 terram

129 1897 244 1986 posita
274 1902 364 1963 sunt.
409 1896 460 1962 ita
490 1896 577 1962 enim
610 1896 714 1961 verba
745 1916 831 1982 quae
863 1900 944 1961 sunt
974 1898 1114 1980 Τιτῆνας
1144 1899 1307 1981 χθονίους
1337 1896 1441 1962 inter·

130 2000 298 2089 pretanda
321 2022 411 2082 esse,
436 2005 473 2066 ut
496 2023 561 2066 non
583 2000 676 2087 ipsos
699 1998 850 2081 Titanes,
883 1998 944 2065 sed
966 2000 1136 2085 regionem
1158 1999 1306 2088 aliquam
1328 2000 1443 2067 mundi

131 2106 262 2188 dicant,
300 2113 451 2193 apparet.
507 2104 593 2171 nihil
625 2104 717 2171 aliud
749 2102 814 2170 nisi
847 2102 1030 2170 Tartarum
1064 2104 1189 2171 afferre
1221 2103 1298 2172 vult
1331 2113 1442 2191 poeta.

131 2211 252 2278 deinde
274 2210 398 2298 optime
421 2211 542 2296 ignem,
566 2208 665 2275 unius
688 2213 724 2276 et
745 2208 894 2294 ingentis
909 2207 1062 2276 flammae
1085 2208 1197 2276 instar
1214 2208 1442 2297 praebentem,

131 2316 175 2383 ab
198 2315 266 2382 ima
288 2321 387 2403 parte
411 2315 454 2382 ad
477 2337 647 2394 summam,
672 2313 716 2380 ad
739 2314 879 2381 aethera
903 2313 1085 2381 ascendere
1108 2314 1244 2382 indicat.
1289 2313 1347 2402 qui
1369 2336 1442 2381 ver·

131 2444 191 2488 sus
220 2443 272 2487 me
303 2419 436 2508 quidem
465 2420 575 2488 iudice
605 2419 734 2506 egregii
763 2427 865 2508 atque
889 2419 1115 2487 vetustissimi
1143 2425 1264 2507 poetae
1287 2425 1376 2486 sunt.
1399 2459 1443 2469 -

132 2531 251 2594 contra
272 2549 328 2593 vv.
352 2525 417 2592 839
440 2547 530 2613 sqq„
561 2530 739 2612 postquam
769 2536 869 2609 γαῖαν
891 2529 928 2591 et
950 2523 1099 2611 οὐρανόν
1121 2531 1157 2591 et
1178 2524 1325 2612 τάρταρα
1346 2528 1443 2608 γαίης

130 2637 284 2720 strepere
316 2636 352 2698 et
383 2636 527 2697 tremere
559 2629 766 2710 audivimus,
801 2629 924 2696 iterum
957 2636 1232 2697 commemoratur
1265 2627 1441 2717 Olympus,

131 2738 189 2826 qui
222 2743 314 2805 certe
348 2743 461 2802 terrae
494 2756 575 2822 pars
611 2740 680 2816 est,
723 2733 845 2801 iterum
875 2738 972 2803 terra
1004 2734 1080 2822 ipsa
1114 2741 1149 2802 et
1182 2756 1274 2802 mare
1304 2734 1397 2818 (843)
1420 2737 1442 2820 ).

130 2848 204 2909 tum
227 2865 258 2908 v.
281 2841 347 2908 850
371 2842 460 2925 (nam
483 2841 524 2906 de
548 2862 601 2906 vv.
621 2838 794 2905 art-849
818 2840 897 2927 quid
921 2839 1063 2906 iudicem
1087 2840 1298 2927 supradixi)
1321 2839 1444 2907 iterum

127 2947 240 3031 Ἀίδην
263 2952 408 3013 tremere
432 2943 591 3025 affirmat,
623 2950 694 3009 tum
716 2943 771 3009 hic
793 2965 925 3031 qnoque
948 2942 1089 3011 Titanes
1111 2951 1256 3013 tremere
1279 2944 1444 3012 audimus.

131 3074 163 3119 v.
179 3051 242 3117 851
264 3051 305 3117 ab
320 3050 467 3117 Homero
489 3048 635 3137 pendere
658 3047 811 3115 videtur:
837 3050 950 3126 ‘baeda
972 3049 1174 3134 δ’ὀνόμηνεν
1196 3051 1344 3128 ἅπαντας
1365 3054 1444 3128 τοὺς

131 3156 411 3241 ὑποταρταρίους,
440 3156 476 3221 οἱ
500 3158 636 3239 Τιτῆνες
663 3152 838 3220 καλέονται
869 3153 913 3237 (Ξ
931 3153 1021 3240 278).
1065 3153 1225 3242 Meyerus
1255 3152 1441 3241 complures

133 3259 220 3327 alios
253 3282 373 3328 versus
411 3259 510 3326 huius
546 3259 657 3346 partis
692 3257 907 3344 Theogoniae
942 3279 982 3325 ex
1015 3258 1161 3326 Homero
1195 3257 1335 3326 haustos
1370 3282 1444 3328 esse

134 3365 301 3432 ostendit:
326 3389 358 3432 v.
380 3365 446 3432 836
469 3363 574 3430 verba
596 3365 705 3448 ‘hacta
727 3363 848 3450 κείατ’,
872 3385 958 3451 quae
981 3363 1082 3431 etiam
1105 3386 1207 3432 versu
1229 3365 1294 3431 667
1316 3365 1443 3432 inveni·

133 3492 216 3552 mus,
245 3470 384 3537 Homeri
409 3474 438 3535 Θ
461 3468 522 3535 131
548 3467 663 3535 deberi
686 3467 853 3551 videntur,
885 3490 958 3534 oum
980 3469 1086 3536 verba
1110 3471 1217 3553 ‘liparo
1238 3479 1294 3558 τῷ,
1318 3470 1371 3536 ὅτε
1396 3471 1443 3538 ..’

134 3576 272 3663 (Theog.
285 3575 362 3661 390)
387 3575 474 3641 bona
496 3580 598 3662 atque
621 3572 768 3660 genuina
782 3573 925 3640 Hesiodi
948 3596 1023 3641 esse
1038 3573 1228 3641 videantur.
1265 3581 1444 3662 praeterea

133 3680 264 3747 omnino
286 3685 316 3745 Θ
338 3703 392 3746 vv.
415 3679 514 3764 13112
538 3700 611 3746 oum
634 3677 759 3765 Theog.
784 3701 838 3745 vr.
861 3678 964 3759 83618
986 3679 1179 3746 conferendi
1202 3686 1291 3747 sunt.

219 3784 350 3867 Quibus
374 3784 526 3851 omnibus
549 3783 705 3867 efficitur,
730 3790 768 3850 ut
790 3788 908 3850 nostro
931 3783 1005 3850 iure
1027 3789 1133 3851 totam
1156 3788 1287 3871 partem
1311 3805 1387 3852 sero
1407 3789 1443 3851 et

133 3889 244 3958 fictam
280 3896 316 3957 et
352 3888 567 3975 Theogoniae
603 3889 766 3956 insertam
799 3887 994 3957 iudicemus.
1054 3888 1111 3977 qui
1147 3911 1203 3956 eos
1237 3888 1442 3976 compilavit,

132 3995 228 4062 novit
258 4009 349 4062 certe
378 3993 697 4077 ‘Titanomachiam',
729 3993 825 4060 novit
858 3994 960 4060 etiam
988 3999 1161 4061 vetustum
1192 3993 1278 4060 illud
1309 4015 1441 4061 carmen

4 4155 6 4182 ,
133 4098 288 4182 dolove,
318 4099 463 4180 lunone,
492 4098 656 4187 Typhone
686 4119 807 4184 agens,
842 4098 937 4164 onius
960 4098 1157 4166 recordatus
1179 4103 1314 4167 tantum
1335 4105 1442 4166 totam

4 4217 5 4244 ¹
131 4226 201 4273 rem
223 4205 334 4271 minus
357 4203 524 4271 commode
547 4224 774 4291 comprensam
797 4203 993 4290 composuit.
1032 4203 1180 4271 sednon
1204 4203 1309 4285 novit,
1334 4204 1385 4271 ita
1404 4212 1444 4272 ut

132 4309 233 4398 plane
256 4331 313 4377 eos
335 4310 371 4376 in
393 4307 552 4377 memoria
574 4309 725 4389 baberet,
754 4329 873 4375 versus
897 4308 1019 4396 quibus
1041 4307 1229 4376 incendium
1250 4307 1365 4374 mundi
1389 4308 1445 4376 de-

132 4414 354 4483 scribebatur.
401 4437 484 4503 quos
514 4435 635 4481 versus
665 4412 699 4479 in
730 4412 875 4480 carmine
906 4412 948 4480 de
972 4411 1136 4501 Typhone
1167 4413 1340 4481 exstitisse
1369 4415 1445 4481 veri

4 4537 5 4554 ¹
133 4520 242 4587 simile
265 4527 319 4588 est
341 4520 442 4587 etiam
465 4520 528 4587 hac
551 4518 592 4586 de
615 4540 732 4585 causa:
756 4517 865 4605 prima
888 4518 994 4586 verba
1017 4518 1087 4585 οὐδ’
1106 4520 1157 4605 ἄρ’
1174 4522 1222 4585 ἔτι
1242 4521 1329 4595 Ζεὺς
1353 4525 1445 4603 ἴσχεν

133 4623 190 4693 ἑὸν
211 4624 312 4709 μένος
332 4630 401 4691 κτλ.
424 4624 573 4692 indicare
604 4622 763 4690 videntur
791 4644 893 4688 unum
921 4622 1037 4691 Iovem
1065 4645 1214 4710 pugnam
1244 4622 1444 4710 suscepisse.

132 4730 238 4799 verba
254 4729 327 4798 οὐδ’
339 4731 403 4816 ἄρα
425 4729 482 4796 ubi
504 4729 545 4796 de
558 4728 640 4797 Iove
662 4727 748 4796 nihil
770 4735 872 4797 antea
895 4727 1021 4797 dictum
1042 4727 1241 4811 invenimus,
1266 4727 1443 4796 offensioni

132 4841 221 4921 sunt,
246 4856 331 4923 quae
347 4840 459 4902 tamen
479 4834 514 4902 in
530 4855 644 4921 pugna
666 4838 784 4902 contra
799 4832 997 4922 Typhonem
1013 4833 1097 4902 bene
1116 4832 1225 4901 locum
1241 4832 1441 4900 obtinerent.

133 4939 242 5012 Terra
265 4941 352 5010 enim
376 4962 462 5029 qnae
486 4939 698 5030 Typhonem,
728 4945 768 5007 ut
789 4938 1009 5009 adversarius
1031 4939 1197 5009 terribilis
1224 4943 1317 5010 esset
1338 4938 1441 5030 Iovis,
