3659 5509
125 589 203 659 fere
233 587 320 657 idem
343 585 503 655 videntur
532 609 607 655 esse
629 583 774 676 Tityus,
809 586 865 676 qui
896 585 930 653 in
954 584 1101 655 Tartaro
1127 590 1198 671 est,
1235 591 1337 676 atque
1359 587 1441 656 Pro·

125 695 292 782 matheus,
316 715 414 786 quem
435 693 513 763 inde
536 695 579 763 ah
601 691 773 783 Aeschylo
796 692 843 761 ad
867 691 1054 762 Caucasum
1077 692 1254 781 alligatum
1276 693 1443 764 videmus.

125 804 250 870 mirum
281 823 362 871 sane
392 807 446 870 cst
474 800 561 889 quod
583 799 753 868 Hesiodus
782 799 904 883 locum,
939 821 1004 887 quo
1026 798 1247 868 Prometheus
1270 803 1439 890 supplicio

127 910 284 992 afficitur,
308 931 374 974 non
397 906 570 989 indicavit,
595 906 653 973 sed
676 905 785 992 ipsum
807 905 1006 992 supplicium
1026 928 1190 994 exponere
1206 907 1292 974 satis
1308 908 1437 975 habuit.

126 1037 236 1104 neque
267 1014 353 1082 enim
383 1013 424 1080 de
448 1011 608 1097 Caucaso,
639 1033 746 1100 neque
769 1011 809 1078 de
833 1009 942 1078 media
965 1010 1125 1096 Graecia,
1157 1011 1192 1078 id
1216 1013 1304 1100 quod
1331 1013 1443 1081 facere

126 1120 255 1201 solent,
292 1142 333 1187 ex
354 1118 504 1185 Hesiodo
532 1116 680 1185 fabulari
709 1116 797 1185 licet.
843 1115 910 1183 iam
941 1138 1020 1185 vero
1044 1116 1125 1204 quin
1154 1117 1189 1183 in
1218 1118 1293 1205 ipsa
1324 1117 1442 1186 fabula

126 1224 321 1292 Promethei
352 1223 445 1290 locus
468 1245 599 1311 quoque
628 1221 786 1310 supplicii
808 1221 960 1289 traditus
983 1221 1105 1305 fuerit,
1138 1245 1233 1290 ncmc
1257 1223 1437 1291 dubitabit.

127 1331 171 1397 ad
187 1328 375 1397 Caucasum
398 1334 511 1396 autem
535 1350 610 1394 eum
632 1328 709 1395 inde
732 1350 753 1395 a
773 1327 1019 1395 vetustissimis
1038 1328 1244 1416 temporibus
1260 1328 1439 1415 alligatum

124 1435 234 1502 fuisse
246 1457 313 1502 non
325 1434 425 1502 facile
437 1434 612 1522 quisquam
625 1432 816 1516 contendat,
834 1455 907 1500 cum
922 1432 1029 1520 ipsius
1041 1455 1168 1520 poenae
1180 1439 1304 1502 natura
1318 1439 1437 1523 aperte

128 1539 173 1608 ad
188 1539 369 1607 Tartarum
386 1544 527 1625 spectet.
561 1538 620 1605 scd
635 1538 693 1626 qui
708 1538 814 1604 totius
829 1537 1019 1605 Hesiodeae
1035 1538 1239 1605 narrationis
1256 1561 1376 1606 sensus
1391 1539 1438 1606 sit

128 1644 355 1733 quaerendum
371 1649 433 1728 est,
452 1648 492 1710 ut
508 1643 549 1709 de
564 1643 626 1710 hac
642 1665 679 1710 re
695 1643 854 1710 iudicium
869 1644 960 1710 ferre
976 1643 1086 1710 liceat.
1112 1648 1354 1730 componuntur
1369 1645 1439 1711 tria

125 1753 300 1836 πρόσωπα,
319 1755 359 1816 ut
374 1749 425 1816 ita
440 1748 547 1815 dicam
564 1789 604 1798 -
619 1748 775 1814 nimirum
791 1747 1010 1836 Epimetheus
1029 1748 1090 1816 hoc
1108 1747 1181 1816 loco
1202 1753 1336 1816 nonest
1355 1771 1441 1817 com-

126 1854 358 1923 memorandus
374 1893 426 1935 —,
451 1853 572 1942 quihus
594 1852 697 1920 nimia
716 1854 875 1941 superbia
899 1859 1003 1942 atque
1024 1853 1165 1921 audacia
1183 1858 1440 1941 repraesentan-

128 1966 194 2027 tur.
240 1959 361 2026 similis
386 1963 531 2026 naturae
558 1964 654 2041 sunt,
687 1981 754 2047 qua
779 1959 909 2042 evenit,
940 1965 979 2025 nt
1001 1958 1129 2026 fratres
1152 1957 1309 2026 dicantur
1335 1964 1439 2049 atque

130 2066 201 2132 eius
218 2064 353 2131 Titanis
372 2063 444 2147 filii,
469 2063 526 2152 qui
546 2085 620 2129 cum
637 2063 786 2131 Saturno
806 2064 977 2132 artissime
997 2063 1193 2132 coniunctus
1216 2069 1290 2131 est:
1315 2063 1438 2151 Iapeti.

128 2170 267 2258 Iapetus
296 2169 383 2236 enim
413 2174 448 2236 et
471 2169 639 2237 Saturnus
669 2169 734 2236 soli
757 2169 916 2237 Titanum
939 2170 1108 2257 prooemio
1138 2175 1440 2260 commemorantur

128 2278 173 2361 (v.
198 2276 262 2361 19),
295 2296 360 2362 qua
390 2296 428 2341 re
459 2296 516 2341 eos
548 2275 728 2362 praecipue
757 2274 915 2343 Titanum
945 2274 1058 2342 indole
1089 2275 1141 2341 uti
1173 2281 1274 2363 poeta
1303 2275 1442 2342 videtur

130 2380 329 2467 significare.
376 2379 651 2447 Titanomaohiae
682 2381 832 2448 breviter
860 2381 1062 2447 mentionem
1084 2380 1169 2447 iacit
1190 2380 1360 2448 Hesiodus
1383 2404 1439 2449 vv.

129 2485 326 2566 eoo-403,
368 2484 509 2550 Titanes
544 2484 669 2552 devicti
707 2492 808 2574 atque
851 2486 885 2552 in
918 2486 1065 2552 Erebum
1106 2486 1227 2552 inclusi
1260 2486 1303 2552 ab
1334 2486 1440 2552 inter-

127 2589 282 2678 polatore
304 2595 604 2658 commemorantur
626 2614 680 2657 vv.
703 2591 876 2659 729-733
900 2597 936 2658 et
958 2614 1012 2658 vv.
1036 2591 1220 2672 sel-885,
1251 2591 1438 2679 dequibus

127 2695 217 2762 infra
239 2695 413 2761 disseram.
458 2694 491 2760 in
523 2694 634 2762 Erebo
667 2695 769 2762 etiam
800 2719 858 2763 eos
890 2696 949 2784 qui
980 2701 1121 2784 propter
1152 2695 1296 2762 indolem
1326 2695 1439 2784 Iapeti

127 2800 188 2866 filii
212 2800 369 2867 dicuntur
398 2799 530 2866 versari
559 2799 801 2883 concludimus,
833 2800 869 2866 id
891 2801 979 2888 quod
1004 2801 1044 2868 ds
1067 2799 1236 2867 Menoetio
1259 2824 1300 2867 ex
1329 2801 1437 2889 ipsius

127 2905 268 2973 Hesiodi
297 2905 412 2972 verbis
443 2909 576 2973 constat
598 2908 645 2988 (v.
668 2904 793 2991 51415).
837 2906 942 2973 Atlas
964 2905 1107 2973 Hesiodi
1133 2906 1339 2992 temporibus
1370 2930 1438 2974 non

126 3009 191 3077 iam
216 3033 331 3079 saxum
354 3010 390 3076 in
411 3009 533 3092 Erebo,
566 3009 626 3077 sed
649 3010 776 3078 caelum
808 3009 842 3075 in
864 3010 970 3077 Erebi
1000 3011 1115 3078 limine
1138 3011 1228 3078 ferre
1252 3012 1436 3096 dicebatur,

128 3139 225 3206 quem
247 3123 359 3184 tamen
381 3115 625 3184 vetustissimis
649 3116 856 3203 temporibus
879 3116 953 3203 ipso
976 3117 1009 3182 in
1026 3117 1139 3184 Erebo
1162 3123 1302 3204 propter
1322 3139 1437 3204 super-

128 3221 216 3288 biam
248 3244 355 3310 poena
387 3222 545 3288 affectum
576 3242 651 3287 csse
680 3219 753 3286 veri
787 3221 883 3288 nohis
914 3221 1117 3288 simillimum
1143 3222 1322 3289 videbatur
1353 3244 1437 3288 esse.

127 3349 200 3393 cum
229 3327 372 3394 Atlante
400 3325 621 3393 Prometheus
653 3347 719 3391 non
751 3325 859 3392 solum
891 3326 980 3413 apud
1011 3326 1208 3410 Hesiodum,
1244 3326 1305 3394 sed
1334 3326 1437 3394 ctiam

126 3431 214 3518 apud
229 3430 438 3518 Aeschylum
461 3435 536 3498 arte
559 3430 755 3497 coniunctus
780 3430 979 3517 est⁴(Pr0m.
997 3456 1027 3498 v.
1045 3433 1107 3499 351
1126 3433 1221 3521 sqql.
1258 3438 1438 3521 praeterea

127 3537 249 3603 iterum
278 3535 339 3602 hoc
367 3535 440 3602 loco
467 3535 640 3602 vasculum
668 3535 753 3601 illud
777 3534 999 3623 Cyrenaicum
1031 3537 1237 3603 afferendum
1268 3542 1339 3622 est,
1371 3558 1436 3625 quo

129 3639 230 3707 Atlas
253 3645 288 3708 et
310 3640 529 3708 Prometheus
560 3641 651 3707 inter
678 3663 714 3707 se
737 3646 989 3728 componuntur.
1035 3663 1111 3708 nam
1136 3642 1256 3709 dextra
1278 3642 1312 3707 iu
1335 3647 1434 3729 parte

128 3745 278 3832 picturae
299 3751 416 3833 aperte
432 3744 652 3813 Prometheus
668 3744 796 3812 effictus
818 3752 886 3812 est:
911 3745 966 3812 vir
986 3745 1156 3829 imberbis,
1179 3745 1277 3812 flexis
1293 3746 1435 3831 genibus

129 3855 234 3934 stans,
261 3850 414 3917 manibus
437 3849 636 3937 etpedibus
660 3873 679 3917 a
702 3854 801 3935 tergo
824 3850 867 3916 ad
891 3850 1076 3917 columnam
1099 3849 1263 3936 alligatus
1287 3856 1350 3932 est,
1383 3851 1436 3916 cui

128 3955 200 4022 avis
231 3954 346 4042 aliqua
374 3954 534 4042 imposita
562 3961 623 4022 est.
667 3955 778 4022 altera
802 3954 947 4022 volucris
979 3953 1013 4020 iu
1044 3954 1185 4039 genibus
1209 3953 1329 4021 sedens
1352 3952 1435 4019 Pro·

127 4059 249 4127 methei
273 4081 392 4147 corpus
415 4059 553 4126 lacerat.
599 4060 641 4126 ab
665 4059 775 4127 altera
795 4064 895 4147 parte
911 4059 1024 4141 Atlas,
1048 4059 1198 4145 ingentis
1222 4058 1295 4125 saxi
1317 4057 1436 4125 molem

125 4165 182 4232 vix
198 4165 369 4231 sustinens
386 4164 516 4231 effictus
532 4170 594 4234 est.
633 4188 706 4232 cum
722 4187 879 4233 vasorum
895 4164 1043 4252 pictores
1060 4164 1216 4231 Atlantis
1233 4162 1434 4251 supplicium

126 4271 258 4336 omnino
276 4291 355 4336 raro
369 4269 551 4356 pinxerint,
569 4293 667 4358 quam
690 4276 765 4337 arte
781 4270 884 4338 Atlas
908 4275 944 4336 et
957 4267 1177 4336 Prometheus
1200 4269 1290 4336 inter
1306 4290 1342 4334 se
1358 4289 1433 4334 con·

126 4374 231 4442 iuncti
261 4372 406 4459 fuerint,
440 4375 503 4442 hac
532 4397 550 4442 e
580 4377 714 4462 pictura
738 4375 870 4443 elucere
893 4375 1053 4457 arbitror,
1086 4396 1158 4442 cum
1181 4374 1243 4440 hoc
1265 4396 1330 4440 une
1352 4395 1435 4440 vase

126 4480 233 4567 nigris
256 4479 375 4566 figuris
399 4486 561 4547 exornato
584 4480 687 4547 Atlas
710 4485 746 4547 et
767 4480 987 4547 Prometheus
1010 4479 1101 4547 inter
1123 4501 1159 4546 se
1183 4483 1436 4567 componantur.

127 4585 264 4652 eandem
294 4607 365 4651 rem
387 4583 602 4672 Pherecydes
633 4585 730 4653 decet
759 4585 947 4673 sapientem
969 4584 1109 4674 quidem.
1153 4584 1213 4651 ille
1243 4583 1329 4651 enim
1351 4583 1436 4673 quid

126 4690 166 4756 de
188 4688 346 4757 Herculis
369 4689 413 4756 ad
433 4690 644 4778 Hesperidas
666 4691 789 4758 itinere
812 4690 1025 4774 narraverit,
1056 4689 1239 4759 scholiasta
1263 4689 1307 4757 ad
1329 4686 1435 4777 Apol·

126 4792 250 4862 lonium
284 4793 452 4861 Rhodium
484 4797 531 4879 (Δ
564 4795 663 4881 1396)
696 4795 876 4863 memoriae
910 4795 1029 4864 tradit.
1084 4793 1276 4877 Hercules,
1311 4791 1433 4879 inquit,

127 4896 271 4988 Libyam
293 4904 540 4986 transgressus,
563 4900 607 4967 ad
630 4905 804 4967 externum
828 4922 921 4968 marc
941 4899 1118 4988 pervenit'.
1154 4922 1244 4967 mare
1259 4905 1434 4967 externum
