3659 5509
1038 451 1083 517 80

407 621 525 707 genuit
555 628 750 708 exspectare
781 621 942 704 debebat,
975 645 1050 689 cum
1071 623 1129 710 qui
1153 625 1306 693 maximis
1329 626 1459 694 viribus
1482 631 1643 697 utebatur
1666 656 1726 699 ce-

404 727 524 792 leriter
548 732 786 813 superaturum
809 749 883 793 esse
906 726 1030 793 Iovem.
1075 734 1132 794 καί
1147 731 1190 795 νύ
1206 754 1265 796 κεν
1282 733 1398 799 ἔπλετο
1418 735 1519 819 ἔργον
1534 735 1724 824 ἀμήχανον,

402 838 441 897 01
463 853 564 898 00100
579 833 643 898 836
666 831 819 918 legimus,
844 832 910 899 nisi
925 830 1081 920 Iuppiter
1101 834 1181 921 quid
1203 835 1268 901 sibi
1285 844 1376 904 esset
1392 837 1580 906 faciendum
1596 843 1721 909 stetim

401 936 638 1004 intellexisset.
691 937 762 1003 οὐδ’
786 940 838 1024 ἄρ’
862 941 910 1003 ἔτι
935 941 1020 1014 Ζεὺς
1048 945 1140 1023 ἔσχεν
1168 938 1225 1005 ἑὸν
1253 940 1353 1025 μένος
1382 981 1425 991 -
1458 943 1510 1011 110
1540 945 1612 1014 1010
1642 970 1719 1014 1010

401 1047 628 1129 comparatam
650 1042 757 1108 fuisse
780 1043 815 1107 in
838 1063 876 1108 eo
900 1042 1061 1126 carmine,
1085 1044 1173 1111 unde
1196 1067 1315 1113 versus
1338 1046 1453 1114 hausti
1476 1055 1571 1132 sunt,
1601 1052 1718 1138 prima

401 1147 506 1214 verba
523 1146 682 1213 indicant.
720 1146 841 1233 quibus
857 1169 875 1213 0
892 1147 1006 1213 verbis
1026 1148 1091 1214 iam
1107 1146 1238 1216 elucere
1254 1154 1418 1218 contendo
1433 1154 1717 1242 interpolatorem

401 1251 497 1318 illum
524 1250 798 1318 Titanomachiae
829 1253 976 1319 carmine
1007 1251 1067 1318 illo
1099 1276 1195 1320 usum
1226 1277 1317 1338 esse,
1352 1279 1418 1345 quo
1450 1280 1563 1345 pugna
1594 1266 1719 1328 contre

401 1356 597 1445 Typhonem
620 1364 762 1424 narrata
785 1356 861 1424 fuit.

487 1462 595 1550 Atqui
618 1462 647 1527 si
671 1461 857 1549 probabilis
881 1484 956 1530 0000
979 1461 1115 1529 videtur
1137 1463 1221 1530 hacc
1243 1487 1316 1532 mea
1336 1466 1538 1550 coniectura,
1562 1491 1628 1535 000
1645 1468 1716 1536 1010

401 1568 486 1633 10110
509 1567 680 1633 videbitur
705 1568 862 1652 cognatio
892 1567 955 1633 illa
984 1567 1101 1633 horum
1131 1589 1291 1636 versuum
1322 1593 1395 1637 cum
1416 1595 1471 1640 00.
1495 1573 1561 1640 820
1583 1596 1655 1662 sqq.
1682 1575 1715 1642 si

398 1695 519 1741 versus
542 1672 606 1739 687
630 1695 701 1760 sqq.
725 1696 743 1739 0
766 1672 830 1738 tali
854 1673 1000 1740 carmine
1023 1673 1138 1740 hausti
1161 1679 1261 1741 erant
1282 1682 1385 1764 atque
1408 1677 1438 1743 si
1461 1686 1563 1765 poeta
1585 1679 1716 1768 aliquis

400 1779 455 1845 vel
484 1777 708 1864 interpolator
740 1778 854 1845 eodem
885 1777 941 1845 001
971 1778 1074 1843 simili
1104 1780 1251 1846 carmine
1278 1803 1361 1847 usus
1391 1782 1530 1850 eandem
1557 1806 1629 1851 rem
1657 1784 1717 1854 de·

399 1883 546 1951 scribere
569 1882 634 1951 sibi
657 1886 891 1970 proposuerat,
917 1883 1001 1950 hanc
1024 1883 1254 1969 cognationem
1278 1885 1366 1953 effici
1392 1910 1527 1956 0000000
1550 1898 1636 1957 0101.

912 2272 1191 2353 11100100.

483 2416 652 2483 Absoluto
671 2416 738 2483 iam
756 2416 917 2505 opusculo
938 2441 1011 2485 meo
1026 2424 1128 2507 atque
1144 2419 1238 2507 typis
1256 2439 1416 2504 expresso
1432 2418 1470 2486 O.
1483 2417 1527 2485 M.
1540 2416 1714 2486 Franckess

396 2545 475 2590 num
498 2523 539 2590 de
555 2521 746 2589 Promethei
769 2530 805 2588 et
826 2522 1003 2589 Pandoraa
1026 2524 1153 2590 fabulis
1176 2523 1294 2612 quales
1317 2524 1407 2609 apud
1427 2523 1609 2591 Hesiodum
1632 2546 1712 2591 nar·

395 2635 516 2695 rantur
545 2627 656 2714 egisse
687 2628 832 2715 comperi
855 2627 1100 2716 (Prometheus
1124 2651 1164 2696 00
1189 2628 1363 2712 Pandora,
1395 2627 1551 2715 bijdrage
1581 2633 1636 2695 tot
1666 2628 1711 2696 de

397 2732 525 2800 kritielr
549 2756 615 2800 van
638 2731 817 2800 Hesiodus’
842 2731 1039 2819 Groningae
1064 2734 1170 2815 1864).
1215 2733 1310 2800 00100
1334 2733 1645 2800 commentationem
1669 2740 1711 2802 ut

396 2838 596 2925 inspicerem
628 2837 838 2905 liberalitate
870 2839 1060 2906 academiae
1092 2838 1316 2906 bibliothecae
1348 2837 1594 2925 Groningensis
1626 2838 1709 2905 mihi

395 2943 549 3029 contigit.
596 2948 698 3032 atque
725 2943 827 3010 valde
857 2943 987 3029 gaudeo
1010 2943 1100 3031 quod
1123 2945 1230 3010 virum
1254 2943 1388 3010 doctum
1416 2943 1642 3030 compluribus
1667 2942 1708 3011 de

394 3050 497 3115 rebus
520 3055 622 3137 atque
645 3048 687 3115 de
710 3049 797 3116 satis
820 3049 984 3135 gravibus
1007 3050 1094 3116 idem
1117 3049 1275 3115 iudicium
1298 3049 1388 3116 ferre
1410 3048 1510 3116 video
1532 3048 1622 3135 quod
1645 3068 1707 3134 ego

396 3153 613 3240 comprobare
636 3153 763 3221 studui.
809 3160 928 3222 contra
951 3156 1072 3242 quibus
1095 3154 1129 3220 in
1152 3155 1253 3221 rebus
1276 3153 1441 3220 dissentio
1462 3151 1705 3234 aFranclreno,

392 3259 684 3344 argumentatione
722 3281 785 3326 sua
821 3282 887 3326 non
926 3260 978 3326 ita
1016 3260 1095 3326 mibi
1133 3260 1320 3346 persuasit,
1361 3264 1401 3324 01
1434 3281 1485 3325 me
1518 3259 1553 3325 in
1588 3279 1703 3325 errore

393 3363 525 3430 versari
548 3363 690 3430 credam.
728 3386 802 3431 cum
824 3364 972 3448 libellus,
997 3365 1150 3453 quamvis
1173 3365 1272 3431 docte
1295 3370 1331 3430 et
1353 3369 1474 3448 argute
1496 3363 1704 3450 conscriptus

394 3468 450 3550 sit,
474 3468 574 3535 nimis
597 3468 797 3536 obscuratus
818 3492 893 3537 0000
910 3470 1077 3549 videatur,
1101 3491 1188 3556 quae
1208 3469 1249 3535 dc
1268 3468 1483 3554 gravissimis
1501 3469 1602 3536 rebus
1618 3489 1703 3556 quas

393 3572 543 3642 tractavi
566 3572 691 3641 iudicia
712 3575 867 3661 proferat
889 3575 1049 3642 brevibus
1073 3595 1329 3642 commemorare
1351 3573 1433 3639 mihi
1455 3573 1576 3641 liceat:

483 3679 517 3764 1)
539 3677 702 3746 Fabulam
726 3702 793 3768 qua
815 3681 911 3748 fraus
932 3680 1090 3748 Meconae
1113 3677 1347 3747 aPrometheo
1370 3678 1547 3747 commissa
1570 3678 1704 3766 exponi·

393 3790 452 3851 tur
474 3783 710 3870 aetiologicam
733 3808 808 3853 0000
831 3786 991 3873 cognovit
1007 3784 1234 3853 Franckcnus.
1271 3791 1374 3873 atque
1390 3784 1505 3852 Iovem
1522 3784 1702 3851 secundum

394 3889 573 3976 genuinam
596 3889 729 3976 quidem
752 3891 901 3959 fabulam
925 3914 1005 3959 vere
1028 3892 1202 3978 deceptum
1225 3912 1309 3973 0000,
1333 3911 1454 3958 001000
1473 3888 1573 3970 66112
1596 3889 1703 3974 igitur

393 4001 513 4082 000100
541 3994 729 4061 narrationi
758 3997 906 4063 insertos
930 4018 1005 4064 0000
1028 4002 1120 4063 10010
1143 3995 1297 4082 exponit,
1328 3994 1363 4062 in
1387 4015 1426 4061 eo
1448 4000 1561 4061 tamen
1584 4015 1700 4061 errans

392 4121 444 4167 me
474 4098 606 4187 quidem
638 4099 764 4182 iudice,
799 4100 887 4189 quod
918 4101 1028 4189 ipsum
1057 4099 1242 4167 Hesiodum
1272 4099 1325 4167 sui
1355 4099 1465 4187 ipsius
1495 4098 1699 4165 narrationis

393 4210 653 4273 retractatorem
684 4206 858 4273 exstitisse
889 4212 1005 4273 censet
1038 4207 1106 4293 (pg.
1138 4204 1239 4291 9113).
1300 4205 1403 4272 etiam
1434 4226 1569 4272 sensum
1600 4209 1699 4292 atque

394 4310 569 4378 consilium
591 4310 866 4399 interpolationis
889 4317 980 4378 recte
1004 4311 1167 4399 explicat:
1202 4331 1319 4397 nempe
1346 4309 1422 4378 ideo
1444 4331 1565 4377 versus
1587 4308 1697 4377 10000·

392 4421 447 4483 100
471 4437 545 4483 0000
568 4415 665 4497 (11011,
699 4437 741 4482 00
763 4415 929 4504 Ιο001101,
965 4437 1112 4482 00101000
1136 4413 1233 4498 deus,
1267 4435 1347 4482 vere
1371 4413 1532 4502 deceptus
1556 4413 1697 4482 000001·

393 4521 541 4589 deretur.
596 4520 654 4589 sed
682 4542 883 4610 quamquam
913 4543 1047 4587 sensum
1078 4520 1215 4587 fabulae
1245 4541 1327 4587 sane
1357 4519 1546 4607 perspexit,
1580 4540 1696 4586 versus

392 4626 503 4711 66617,
527 4627 647 4714 quibus
666 4626 783 4693 fabula
807 4626 1005 4714 explicatur,
1029 4624 1267 4713 interpolatori
1286 4624 1343 4692 vel
1358 4625 1586 4711 διασκευαστῷ
1600 4622 1697 4690 alicui

391 4730 566 4815 attribuit,
611 4754 686 4798 cum
726 4731 934 4799 narrationis
973 4753 1191 4819 progressum
1228 4730 1472 4817 interrumpere
1510 4728 1695 4797 rideantur.

391 4837 454 4906 hac
476 4835 517 4903 de
545 4858 582 4903 re
611 4836 692 4926 quid
722 4836 863 4904 iudicem
888 4821 1027 4926 exposui
1056 4834 1275 4925 pg.17-19.
1331 4838 1439 4901 totam
1461 4831 1610 4901 fabulam
1632 4830 1696 4901 Me·

393 4964 567 5016 conensem
604 4964 678 5012 cum
712 4940 924 5032 Goettlingio
961 4944 997 5012 in
1032 4942 1262 5033 Peloponneso
1301 4945 1410 5010 ortam
1447 4961 1523 5010 0000
1560 4938 1693 5010 iudicet.
