3659 5509
769 455 791 522 9

108 630 177 716 rei,
201 630 288 700 ordo
302 630 494 704 Promethei
505 632 726 723 Atlantisque
747 633 903 700 inversus
926 629 1101 718 aMeyero
1123 627 1191 696 iam
1206 625 1426 715 reprobatur;

107 737 304 808 manifesto
335 739 422 808 enim
451 745 526 810 tota
547 739 688 809 Hesiodi
716 737 869 807 narratio
900 737 942 806 dc
970 734 1084 824 Iapeti
1113 756 1236 822 genere
1267 732 1343 800 ideo
1372 736 1427 800 est

107 842 263 928 inserta,
297 850 337 914 ut
365 846 556 916 Promethei
591 846 710 914 fabula
741 848 909 912 narretur.
955 864 1061 931 neque
1092 840 1223 908 omnino
1254 838 1428 927 Hmppins

108 971 230 1038 neque
253 950 441 1020 Puntonius
469 974 576 1041 neque
599 951 659 1020 alii
686 972 803 1018 verum
833 949 874 1016 de
902 953 977 1017 toto
1006 947 1079 1015 loco
1109 951 1145 1015 et
1166 944 1368 1032 gravissimo
1398 949 1434 1012 et

109 1053 324 1125 difficillimo
355 1057 549 1126 enucleasse
579 1057 661 1124 mihi
688 1056 864 1138 videntur,
896 1076 1036 1143 quornm
1059 1052 1246 1119 sententias
1270 1073 1344 1118 cum
1365 1071 1427 1139 per

108 1159 231 1248 ipsam
271 1162 582 1232 commentationem
624 1184 730 1230 meam
766 1160 957 1249 impugnem
993 1156 1194 1246 singillatim
1238 1155 1428 1245 improbare

110 1266 326 1354 supersedeo
336 1268 371 1355 ¹).

206 1372 284 1439 Iam
314 1373 423 1460 igitur
453 1372 497 1441 ad
527 1373 637 1461 ipsum
667 1370 904 1439 Prometheum
934 1368 1064 1438 accedit
1094 1366 1257 1436 narratio.
1312 1365 1432 1455 primis

111 1476 279 1545 versibus
300 1477 499 1565 (521-525)
522 1500 588 1567 qua
614 1501 721 1567 poena
749 1476 874 1545 anve
903 1474 952 1542 sit
980 1474 1124 1542 affectus
1154 1471 1343 1561 exponitur.
1395 1471 1430 1538 in

108 1579 192 1668 ipso
213 1588 327 1651 autem
344 1583 552 1651 narrationis
569 1582 684 1651 limine
703 1587 842 1651 exstant
862 1579 1080 1648 difficultates
1104 1578 1190 1646 satis
1214 1599 1336 1664 graves
1359 1575 1433 1666 qui·

109 1685 180 1754 bus
213 1710 257 1754 nc
286 1688 404 1756 statim
432 1688 477 1755 ad
503 1689 679 1777 sequentia
702 1687 895 1755 accedamus
918 1684 1163 1772 prohibeamur.
1207 1704 1316 1771 neque
1344 1681 1432 1750 enim

110 1790 201 1879 qnid
226 1792 268 1860 de
291 1793 405 1860 verbis
425 1815 583 1861 versuum
598 1794 698 1874 52112
721 1815 828 1882 neque
851 1791 931 1880 quid
954 1791 996 1858 de
1018 1790 1197 1858 verborum
1221 1810 1323 1856 sensu
1344 1786 1430 1854 iudi-

109 1896 263 1964 candum
286 1899 333 1966 sit
355 1898 463 1967 adhue
484 1898 569 1968 satis
592 1903 736 1967 constat.
774 1903 875 1978 certe,
900 1897 930 1965 si
949 1896 1079 1964 codices
1096 1900 1230 1963 tantum
1245 1892 1424 1981 sequimur,

110 2000 157 2068 de
181 2003 300 2071 verbis
322 2003 491 2071 dubitatio
519 2027 584 2071 non
613 2003 757 2072 exsistit.
809 2002 970 2070 exhibent
997 2023 1133 2068 versum
1156 2001 1237 2085 δῆσε
1260 1998 1430 2065 δ’ἀλοκιο·

110 2105 242 2193 πέδῃσι
258 2107 444 2193 Προμηθέα
459 2112 729 2194 ποικιλόβουλον,
752 2130 857 2196 neque
875 2107 998 2174 bonum
1012 2106 1190 2173 verborum
1206 2124 1430 2190 versuumque

111 2233 282 2279 conexum
310 2213 372 2280 hac
400 2213 548 2281 codicum
572 2213 742 2302 scriptura
766 2212 849 2280 effici
872 2211 1107 2299 negandumst.
1157 2214 1196 2277 at
1215 2208 1430 2275 Herodianus

111 2313 212 2402 (auspi
230 2317 396 2403 διχρόνων
406 2318 444 2386 Π
459 2319 518 2402 λιι,
532 2349 558 2390 ιι
572 2318 615 2406 L)
631 2325 667 2387 et
683 2318 935 2386 Chosroboscus
959 2317 991 2405 (I
1007 2316 1098 2386 12311
1114 2315 1170 2402 H),
1193 2315 1252 2404 qui
1275 2318 1366 2382 certe
1389 2336 1430 2382 ex

113 2419 315 2490 Herodiano
337 2423 471 2512 pendet,
494 2446 629 2491 versum
653 2424 836 2491 afferentes
859 2423 1027 2491 scribunt:
1060 2424 1163 2507 δῆσνς
1185 2418 1428 2505 ἀλυκτοπέδῃσι

213 2627 241 2697 1)
258 2626 291 2681 In
308 2632 369 2683 tota
387 2628 543 2685 Promethei
562 2629 659 2686 fabula
675 2628 884 2699 interpretanda
902 2645 957 2683 non
982 2625 1062 2683 valde
1081 2625 1246 2682 dissenfiunt
1265 2624 1317 2679 riri
1344 2623 1427 2679 docti.

113 2716 287 2785 Mamilius,
309 2716 490 2786 Burmannus,
517 2719 727 2786 Schoemannus‚
754 2719 882 2789 Meyerus
901 2718 967 2786 quin
985 2717 1020 2772 ab
1039 2716 1100 2786 ipso
1119 2713 1240 2770 Hesiodo
1258 2713 1287 2768 in
1305 2713 1428 2782 Theogo

113 2804 194 2860 niam
219 2805 324 2860 inserta
340 2805 386 2870 ¹sit
412 2823 466 2861 non
489 2806 630 2876 dubitant,
658 2823 739 2877 quam
756 2823 839 2863 unam
857 2813 885 2862 et
903 2807 1060 2861 continuam
1082 2804 1268 2860 narrationem
1286 2818 1347 2858 esse
1366 2818 1427 2857 con·

113 2894 244 2964 tendunt,
272 2911 435 2965 quamquam
457 2897 540 2952 variis
558 2897 625 2951 locis
644 2895 737 2952 iacere
754 2913 809 2951 non
827 2903 951 2967 possunt,
978 2896 1043 2964 quin
1066 2899 1224 2963 corruptam
1250 2907 1310 2948 esse
1335 2907 1430 2946 narra-

113 2983 223 3038 tionem
247 2984 405 3040 concsdant.
452 2985 492 3040 sic
516 2985 674 3041 Mutaellius
699 2986 804 3055 primus
830 2991 946 3057 propter
971 2985 1055 3040 schol.
1075 2983 1111 3039 ad
1130 2982 1221 3051 Apoll.
1241 2982 1293 3038 Rh.
1313 2982 1340 3036 11
1361 2983 1429 3036 1249

114 3071 264 3138 probabile
287 3073 439 3129 arbitratus
462 3080 505 3130 ast
533 3080 598 3130 ante
625 3092 649 3130 v.
668 3077 720 3130 521
742 3077 964 3144 peccassemus
983 3073 1120 3140 excidisse,
1139 3072 1239 3143 pastas
1258 3077 1282 3126 et
1299 3072 1430 3125 ι’νιιολννο

114 3161 292 3216 amotionis
312 3161 390 3227 facta
407 3160 508 3228 sauses
526 3165 684 3220 ονιιονιιιίον
702 3169 727 3219 et
745 3164 907 3234 explicatius
924 3163 1050 3219 ίιιδίοολν
1067 3161 1199 3232 supplicii
1216 3158 1319 3216 cauaa'.
1356 3156 1428 3213 idem

114 3249 178 3304 iure
205 3249 258 3304 sibi
281 3251 355 3306 visus
376 3257 419 3307 est
438 3253 639 3308 Schoemannus
666 3252 828 3308 concludere
847 3255 999 3323 (comment
1021 3252 1123 3320 Theog.
1142 3250 1207 3318 219)
1227 3265 1260 3303 ex
1279 3247 1430 3303 Herodiani

114 3337 180 3393 loco
200 3353 280 3407 quem
297 3339 373 3395 infra
390 3339 511 3410 afferam,
531 3358 584 3410 quo
604 3343 686 3398 etiam
705 3343 846 3411 Gruppius
865 3342 946 3412 (uber
964 3340 1008 3397 die
1027 3341 1129 3409 Theog.
1148 3338 1174 3394 d
1191 3339 1235 3407 H,
1255 3337 1328 3394 Berl.
1350 3338 1429 3404 1841)

115 3433 148 3480 ut
175 3428 259 3482 aliam
281 3428 400 3497 aliquam
426 3430 610 3486 coniecturam
629 3431 822 3501 comprobarat
843 3446 910 3486 usus
929 3436 979 3485 est.
1017 3434 1137 3485 ceterum
1156 3429 1358 3484 Schoemannus
1377 3424 1429 3480 He

116 3515 227 3570 siodum
246 3520 332 3572 totam
351 3518 508 3574 Promethei
530 3519 653 3575 fabulam
677 3527 819 3575 eretusto
845 3519 939 3589 aliquo
963 3520 1082 3575 carmine
1101 3516 1305 3587 deprompsisse
1327 3519 1427 3582 censet,

116 3603 159 3658 ita
195 3609 228 3659 ut
265 3610 326 3660 tota
360 3605 394 3662 de
423 3608 586 3663 Prometheo
630 3609 754 3664 narratio
783 3607 903 3664 Hesiodo
937 3608 974 3662 sit
1007 3605 1190 3663 attribuenda.
1236 3603 1331 3660 eadem
1368 3602 1429 3659 iere

116 3693 270 3749 Hermanni
297 3699 340 3750 est
370 3696 507 3752 sententia
534 3697 581 3766 qui
611 3696 806 3754 dissertatione
833 3697 876 3752 ‘de
904 3696 1019 3753 Hesiodi
1047 3694 1222 3765 Theogoniae
1251 3692 1341 3748 forma
1358 3692 1428 3747 anti·

117 3781 258 3849 quissima¹
270 3783 365 3854 (1844)
378 3789 465 3840 totam
476 3785 662 3855 Tbeogoniam
674 3786 711 3842 ad
729 3787 874 3856 quinorum
892 3802 1018 3842 vemuum
1037 3784 1165 3853 strophas
1184 3781 1299 3852 redegit,
1313 3795 1428 3849 quarum

117 3869 183 3926 inde
209 3886 226 3926 a
245 3874 288 3928 72.
307 3872 464 3928 Promethei
489 3873 585 3930 fabula
607 3883 746 3931 narratur.
782 3875 864 3945 pauci
882 3880 989 3930 tantum
1008 3888 1102 3928 versus
1121 3870 1276 3927 removendi
1294 3870 1320 3927 ei
1338 3868 1428 3925 viden·

117 3966 165 4014 tur
194 3975 270 4029 esse,
305 3967 370 4031 post
400 3978 423 4016 v.
454 3966 506 4018 520
538 3970 631 4019 autem
665 3982 725 4020 cum
752 3964 894 4019 Mutzellio
926 3964 1042 4032 aliisque
1074 3978 1158 4018 unum
1184 3977 1292 4017 versum
1323 3960 1428 4030 perisse

117 4048 225 4113 statuit,
254 4049 301 4118 qui
326 4049 448 4106 eiusdem
471 4053 625 4109 sententiae
650 4053 736 4109 fuerit
761 4058 845 4122 atque
868 4071 892 4108 v.
912 4056 973 4108 534.
1010 4052 1039 4105 in
1057 4052 1213 4106 universum
1232 4056 1322 4106 autem
1342 4054 1429 4104 totam

117 4138 305 4194 narrationem
329 4145 395 4208 apte
420 4140 567 4198 decurrere
592 4142 703 4198 iudicat.
741 4158 830 4212 aquo
848 4141 951 4197 iudicio
969 4127 1004 4196 ne
1021 4140 1149 4212 Meyerus
1168 4137 1278 4208 quidem
1296 4139 1428 4194 abhorret

118 4227 166 4294 qui
184 4227 267 4282 etiam
286 4245 309 4282 v.
329 4232 381 4283 520
400 4229 469 4285 bena
487 4245 504 4285 a
522 4247 604 4287 versu
622 4235 671 4286 521
693 4233 783 4300 excipi
800 4235 901 4286 censet.
929 4261 963 4271 -
990 4245 1059 4285 unus
1078 4234 1170 4284 autem
1189 4227 1328 4297 Gruppius
1347 4226 1427 4296 (uber

116 4314 163 4370 die
180 4315 339 4387 Theogonis
356 4316 405 4374 des
423 4319 536 4390 Hesiod,
554 4320 627 4375 Bari
650 4322 730 4390 1841)
754 4321 837 4390 plane
855 4319 939 4376 aliam
959 4317 993 4374 de
1011 4316 1126 4374 Hesiodi
1142 4316 1301 4371 Promethia
1319 4319 1427 4370 senten·

117 4405 185 4459 tiam
213 4404 331 4474 profert.
377 4413 464 4463 totam
492 4410 564 4465 enim
592 4406 626 4464 de
652 4409 742 4479 Iapeti
769 4423 870 4477 genere
896 4407 1083 4464 narrationem
1109 4407 1144 4461 ab
1162 4403 1283 4461 Hesiodo
1310 4403 1427 4459 alienam

118 4494 270 4549 arbitratus
289 4510 306 4550 e
324 4496 491 4566 ibeogonia,
518 4499 595 4553 cuius
616 4497 733 4553 formam
756 4497 901 4568 genuinam
926 4497 1074 4553 restituere
1092 4499 1207 4550 conatus
1227 4499 1278 4560 est,
1304 4492 1427 4548 removit.

116 4582 205 4651 ipsam
217 4584 403 4640 narrationem
417 4592 444 4640 et
456 4586 651 4656 interpolatam
663 4592 692 4642 et
704 4592 813 4642 auctam
825 4601 886 4642 asse
899 4585 1079 4655 comprobare
1091 4582 1205 4639 studuit.
1236 4597 1299 4636 nam
1315 4587 1426 4650 praeter

116 4685 210 4726 versus
229 4674 291 4740 516,
319 4676 451 4742 alu-20,
479 4676 603 4730 saa-33
628 4676 756 4745 (propter
773 4674 926 4731 Herodiani
949 4675 1050 4743 locum)
1075 4673 1207 4739 550-52,
1235 4673 1327 4739 55415,
1355 4686 1423 4740 quos

115 4760 199 4814 variis
212 4758 350 4816 decausis
363 4762 529 4818 narrationis
542 4771 642 4832 poetae
654 4763 849 4819 abiudicandos
862 4778 923 4818 esse
942 4762 1057 4832 putavit,
1075 4761 1159 4816 etiam
1178 4759 1295 4815 alteram
1313 4758 1425 4814 fabulae

115 4853 231 4918 partam,
251 4865 288 4905 so.
301 4867 342 4904 rr.
353 4853 503 4920 558-616,
523 4858 621 4920 postea
638 4854 773 4909 adiectam
785 4869 845 4908 esse
862 4852 977 4909 censuit.
1007 4849 1143 4921 duplicem
1154 4850 1240 4920 igitar
1251 4848 1426 4918 Theogoniae

114 4937 357 5008 interpolationem
375 4939 428 4995 hac
446 4939 475 4996 ia
492 4945 574 5011 parta
594 4942 701 4998 statuit.
