3659 5509
1018 428 1064 494 44

384 598 466 665 haec
510 597 627 665 fabula
659 605 735 667 arte
768 598 946 666 coniuncta
979 620 1053 666 esse
1088 597 1263 665 videretur
1300 621 1373 664 cum
1410 598 1684 666 antecedentibus

384 725 523 790 quarum
555 703 698 771 alterins
731 726 861 792 quoque
893 726 1046 772 scaenam
1070 703 1227 770 Mecouae
1260 725 1337 771 csse
1367 703 1456 770 falso
1478 702 1624 791 putavit,
1651 703 1686 769 in

384 808 551 874 hominum
580 809 783 896 deorumque
813 809 1009 876 contionem.
1062 807 1214 894 neglexit
1236 815 1349 876 autem
1381 830 1418 875 se
1447 808 1557 895 ipsum
1581 829 1617 874 re
1638 808 1686 875 ita

389 913 575 981 constituta
597 913 748 981 Hesiodo
779 914 924 1002 obloqui,
956 914 1012 1002 qui
1044 936 1143 1002 quam
1174 913 1214 980 de
1242 912 1350 1000 prima
1373 912 1513 979 muliere
1544 911 1689 980 fabulam

384 1018 519 1086 noverit
542 1019 629 1085 satis
652 1018 781 1085 indicat
803 1042 858 1085 vv.
882 1018 992 1098 elale.
1027 1018 1182 1085 imitatus
1205 1025 1259 1085 est
1282 1018 1426 1106 Operum
1449 1018 1684 1096 narrationem,

386 1129 565 1210 antequam
588 1123 744 1191 versibus
767 1123 896 1190 69-82
912 1135 944 1199 -l-
960 1124 1112 1190 90-104
1141 1122 1359 1210 interpolatis
1382 1129 1417 1189 et
1440 1127 1541 1189 aucta
1563 1125 1600 1188 et
1621 1144 1687 1186 mu·

385 1226 488 1293 tilata
509 1228 587 1294 fuit.
633 1229 694 1295 hoc
725 1251 766 1295 ex
796 1250 834 1295 eo
864 1230 950 1295 satis
980 1251 1179 1315 cognoscere
1209 1228 1299 1310 licet,
1334 1228 1423 1315 quod
1451 1248 1571 1293 nomen
1595 1224 1688 1291 ‘Pan-

387 1331 498 1399 dorae’
521 1332 555 1398 in
579 1332 775 1420 Theogonis
796 1356 862 1400 non
886 1339 1011 1401 exstat.

471 1436 614 1525 Operum
638 1445 750 1506 autem
773 1438 998 1525 interpolator
1021 1461 1139 1506 versus
1155 1439 1284 1505 69-79
1307 1437 1431 1524 partim
1454 1460 1472 1504 e
1496 1435 1687 1521 Theogonis

386 1542 531 1630 sumpsit
553 1543 628 1631 (Op.
641 1567 696 1609 vv.
708 1544 837 1610 70-72
861 1574 901 1600 =
926 1543 1052 1629 Theog.
1070 1568 1123 1610 vv.
1137 1543 1330 1627 ecl-573),
1345 1541 1468 1629 partim
1485 1541 1529 1608 ad
1545 1540 1687 1628 Operum

386 1647 571 1735 exemplum
600 1648 731 1714 invenit
762 1648 819 1732 (ad
851 1670 971 1716 versus
993 1650 1045 1730 77,
1069 1649 1121 1731 78,
1145 1650 1188 1714 80
1217 1647 1371 1715 conferas
1402 1670 1456 1714 vv.
1480 1647 1532 1728 61,
1563 1644 1687 1728 67168),

384 1755 519 1841 partim,
542 1754 598 1843 qui
621 1755 662 1822 de
685 1757 799 1840 gratia
821 1763 857 1823 et
879 1755 1002 1823 ceteris
1020 1756 1163 1825 Veneris
1182 1756 1278 1822 donis
1294 1761 1410 1840 agunt,
1427 1753 1471 1821 ad
1487 1751 1685 1839 Cypriorum

386 1864 421 1924 et
443 1858 558 1946 hymni
580 1858 750 1926 Homerici
773 1859 807 1926 in
819 1859 985 1927 Venerem
1009 1859 1196 1947 exemplum
1217 1859 1364 1944 invenit3
1381 1879 1488 1947 neque
1510 1877 1592 1923 vero
1615 1875 1685 1919 ver

385 1986 444 2029 sus
465 1964 595 2031 80-82
618 1964 658 2030 de
682 1985 751 2046 suo,
782 1964 842 2030 sed
865 1963 1046 2031 secundnm
1068 1986 1202 2030 carmen
1232 1964 1317 2031 illud
1342 1961 1563 2051 deperditum,
1594 1958 1687 2025 cuius

385 2067 585 2155 particulam
609 2068 641 2133 in
666 2067 778 2156 Opera
801 2068 950 2135 inserere
973 2068 1091 2150 voluit,
1116 2070 1272 2136 inventos
1295 2068 1429 2135 adiecit.
1474 2071 1614 2153 propter
1629 2062 1688 2128 hos

386 2195 506 2240 versus
537 2172 690 2257 leo-82)
720 2173 958 2241 antecedentes
988 2179 1024 2239 et
1052 2173 1195 2241 iteravit
1218 2181 1253 2240 et
1275 2173 1416 2254 invenit,
1440 2177 1478 2237 ut
1500 2167 1687 2237 coniunctio

388 2300 460 2344 eum
483 2277 702 2344 antecedente
726 2278 939 2346 narrratione
970 2278 1070 2345 etiam
1094 2279 1203 2345 artior
1226 2278 1400 2345 videretur
1423 2297 1507 2343 esse.
1552 2272 1594 2340 de
1617 2293 1688 2340 ver·

387 2382 481 2448 sibus
510 2383 552 2450 76
580 2388 616 2449 et
643 2382 686 2448 79
716 2403 820 2470 supra
849 2383 916 2449 iam
947 2383 1033 2449 satis
1062 2382 1194 2450 locutus
1225 2404 1308 2449 sum.
1353 2381 1507 2449 versibus
1538 2375 1689 2445 90-104

390 2485 607 2573 interpolatis
630 2485 682 2552 illi
704 2508 835 2569 versus,
853 2487 974 2575 quibus
997 2487 1076 2553 olim
1092 2487 1236 2573 genuina
1252 2486 1405 2553 narratio
1421 2482 1690 2564 concludebatur,
1815 2483 1816 2486 ’

386 2595 426 2657 ut
455 2612 591 2657 necesse
625 2596 709 2674 erat,
742 2594 863 2658 remoti
895 2600 985 2658 sunt.
1047 2598 1084 2658 at
1115 2615 1187 2658 cnm
1221 2591 1436 2677 Theogoniee
1466 2587 1689 2676 interpolator
1815 2591 1816 2668 l

386 2693 531 2781 Operum
547 2694 774 2763 narrationem
797 2695 999 2780 imitaretur,
1015 2695 1162 2785 Operum
1185 2697 1300 2763 fabula
1325 2719 1391 2764 non
1414 2693 1522 2762 solum
1544 2693 1688 2759 noudum

386 2805 462 2865 erat
472 2798 789 2886 interpolationibus
804 2808 913 2884 aucta,
935 2801 995 2867 sed
1010 2803 1112 2868 etiam
1128 2802 1263 2887 integre
1274 2807 1349 2869 erat
1364 2798 1548 2888 nequedum
1560 2796 1627 2863 tine
1637 2818 1689 2863 ca·

389 2904 496 2985 rebat,
520 2904 608 2971 sicut
631 2905 727 2972 hodie
750 2907 784 2971 in
808 2905 977 2974 codicibus
1002 2913 1037 2974 et
1060 2904 1263 2972 editionibus
1286 2911 1409 2974 exstat.
1459 2904 1520 2971 hoc
1543 2924 1561 2969 e
1584 2900 1689 2968 Theo·
1815 2964 1817 3010 ἐ

387 3008 507 3093 goniae
536 3010 690 3076 versibus
713 3011 887 3077 590-612
920 3033 1120 3098 cognoscere
1150 3011 1238 3078 licet.
1284 3033 1367 3099 quos
1391 3010 1433 3077 ad
1457 3029 1577 3076 versus
1604 3028 1689 3073 nunc
1816 3035 1817 3064 r

388 3113 510 3179 iterum
534 3115 728 3181 accedamus
751 3137 884 3203 quaeso.
1816 3173 1817 3190 ,

474 3217 686 3306 Theogoniac
726 3242 846 3287 versus
886 3220 1059 3287 eso-612
1097 3221 1349 3287 antecedentem
1386 3216 1612 3285 narrationem
1649 3214 1689 3282 de
1816 3209 1817 3238 ³

385 3322 514 3410 primae
542 3324 692 3390 mulieris
722 3325 851 3410 origine
883 3325 1064 3412 excipiunt.
1115 3325 1214 3392 valde
1238 3331 1350 3392 autem
1379 3323 1469 3390 inter
1492 3344 1528 3388 se
1551 3321 1688 3389 differre
1816 3355 1817 3402 i

387 3428 503 3494 horum
526 3435 561 3496 et
584 3429 852 3496 antecedentium
875 3431 1040 3497 rationem
1064 3435 1238 3518 artemque
1262 3450 1443 3496 remonon
1468 3425 1571 3493 videt.
1617 3448 1689 3492 cum

388 3532 484 3615 enim,
515 3540 554 3599 ut
585 3534 671 3600 satis
694 3534 919 3620 cognovimus,
949 3536 1102 3602 narratio
1126 3557 1210 3623 quae
1233 3534 1404 3601 antecedit
1426 3531 1566 3599 consilio
1589 3536 1689 3618 atque

386 3642 461 3703 arte
484 3642 661 3726 tantopere
684 3645 808 3722 careat,
832 3646 961 3727 utque
984 3640 1025 3706 de
1049 3663 1085 3707 re
1109 3647 1191 3725 agat
1213 3639 1271 3705 vix
1293 3636 1492 3722 intellegere
1511 3635 1687 3723 possimus,

387 3741 469 3808 haec
499 3744 651 3812 narratio
681 3748 747 3828 (vv.
771 3744 956 3827 teo-612)
987 3744 1038 3811 rei
1068 3768 1153 3833 quae
1185 3751 1356 3810 tractatur
1379 3742 1503 3829 optime
1525 3739 1690 3828 adaptata

388 3854 450 3914 est.
496 3850 633 3936 exponit
663 3850 749 3915 enim
771 3856 872 3937 poeta
900 3871 968 3936 qua
999 3849 1039 3916 de
1069 3873 1172 3917 causa
1195 3848 1352 3915 mulieres
1387 3847 1458 3913 sint
1480 3845 1563 3912 viris
1587 3844 1689 3911 detri-

388 3960 509 4019 mento.
553 3953 619 4019 viri
649 3975 722 4019 cum
753 3955 872 4040 apibus
903 3961 1149 4041 comparantur,
1184 3975 1268 4041 quae
1298 3958 1408 4019 totum
1440 3972 1500 4037 per
1522 3949 1619 4031 diem,
1650 3951 1689 4016 nt

388 4057 513 4123 victum
536 4065 738 4145 comparent,
763 4058 930 4125 laborant.
961 4058 1120 4125 mulieres
1145 4066 1256 4125 autem
1280 4057 1431 4122 fucorum
1455 4054 1582 4122 similes
1600 4056 1687 4130 sunt,

388 4162 445 4249 qui
468 4163 573 4229 vitam
597 4163 738 4230 inertem
762 4162 890 4249 degunt
911 4171 1013 4252 atque
1028 4164 1155 4232 victum
1177 4165 1220 4230 ab
1236 4162 1355 4249 apibus
1372 4165 1596 4247 comparatum
1618 4180 1689 4223 con·

390 4275 525 4334 sumunt
548 4271 615 4353 (vv.
629 4267 823 4349 eac-eoa).
857 4291 964 4356 neque
979 4291 1061 4335 vero
1075 4269 1138 4336 hac
1161 4269 1234 4334 sola
1257 4289 1293 4333 re
1316 4266 1474 4332 mulieres
1497 4263 1582 4332 viris
1605 4261 1690 4328 malo

390 4377 479 4454 sunt,
519 4372 608 4461 quod
639 4373 836 4439 divitiarum
865 4378 1000 4438 tantum
1035 4395 1119 4460 quas
1149 4373 1215 4438 viri
1244 4376 1368 4458 parant
1398 4368 1582 4457 participes
1614 4371 1692 4434 sunt

389 4500 494 4566 neque
516 4478 679 4557 laborum,
694 4476 754 4544 sed
785 4476 886 4543 etiam
909 4477 1054 4545 alterum
1078 4477 1201 4545 malum
1220 4476 1376 4564 Iuppiter
1398 4473 1483 4540 viris
1506 4471 1602 4539 dedit
1623 4472 1690 4558 (vv.

388 4582 589 4661 eoa-6121:
618 4604 659 4648 ne
691 4582 721 4647 is
748 4580 880 4668 quidem
903 4581 1009 4647 vitam
1040 4582 1172 4649 felicem
1195 4582 1318 4667 degere
1341 4583 1465 4667 potest,
1489 4577 1547 4665 qui
1569 4575 1691 4643 malum

388 4686 474 4753 illud
497 4687 662 4772 effugiens
677 4687 925 4752 matrimonium
947 4709 1011 4752 non
1036 4687 1140 4753 ineat.
1175 4685 1232 4774 qui
1256 4685 1342 4752 euim
1364 4681 1614 4750 matrimonium
1628 4701 1690 4746 uon

389 4792 514 4874 inierit,
544 4814 647 4858 senex
676 4790 873 4876 gratissima
902 4791 1054 4877 coniugis
1086 4814 1168 4857 cura
1197 4790 1336 4871 carebit,
1362 4786 1552 4854 hereditate
1579 4792 1691 4852 autem

390 4898 501 4983 alieni,
533 4919 598 4963 non
627 4894 688 4961 filii
720 4896 885 4963 fruentur.
930 4918 971 4963 ne
1002 4898 1033 4963 ei
1056 4897 1199 4985 quidem,
1230 4896 1283 4963 cui
1307 4891 1490 4979 contigerit
1511 4896 1551 4958 nt
1573 4891 1692 4957 bonam
