3659 5509
780 479 824 550 47

125 655 407 740 conclusionem,
439 679 536 746 quam
561 680 615 724 vv.
639 657 791 724 90-104
814 679 854 723 ex
877 655 1044 744 Operibus
1076 659 1238 723 remotam
1268 661 1371 744 atque
1400 655 1455 723 de·

123 762 314 847 perditam
346 786 420 830 esse
450 786 553 850 supra
583 763 757 828 doluimus.
803 761 1010 847 gaudeamus
1032 761 1140 846 igitur
1169 769 1271 848 atque
1293 761 1454 828 maximas

125 888 286 951 agamus
317 868 448 954 gratias
480 867 694 952 Theogoniae
725 865 978 954 interpolatori,
1010 866 1098 953 quod
1131 869 1288 932 vetustae
1318 866 1455 934 fabulae

127 970 173 1038 de
197 973 321 1059 prima
343 972 481 1040 muliere
506 972 540 1037 in
563 971 733 1056 integrum
758 970 989 1038 restituendae
1011 970 1208 1037 facultatem
1230 972 1327 1037 nobis
1350 971 1454 1039 dedit.

229 1077 284 1145 Ut
314 1078 424 1144 omnia
453 1077 671 1164 complectar,
696 1075 841 1143 inseruit
872 1075 997 1163 aliquis
1029 1113 1072 1125 -
1103 1098 1179 1142 nam
1209 1075 1349 1142 Hesiodi
1380 1099 1454 1144 esse

128 1178 295 1269 Operum
317 1191 433 1270 partes
456 1182 702 1270 mythologioas
725 1203 838 1247 omnes
862 1186 989 1266 negant
1004 1218 1046 1229 -
1061 1178 1220 1268 inOpera
1241 1180 1390 1248 fabulam
1413 1182 1455 1250 de

127 1286 273 1372 primae
301 1287 452 1354 mulieris
483 1287 622 1371 origine.
667 1286 775 1372 ipsam
802 1284 951 1352 fabulam
979 1284 1154 1351 enarravit
1181 1308 1236 1353 vv.
1260 1286 1390 1353 50-68
1414 1290 1453 1370 -Ι-

127 1390 276 1458 83-89
299 1394 367 1476 (vv.
391 1392 519 1459 69-82
537 1396 575 1472 -1-
593 1390 745 1457 90-104
766 1395 886 1476 postea
909 1388 1019 1455 additi
1042 1389 1143 1476 sunt).
1190 1390 1315 1457 adiecit
1341 1396 1453 1458 autem

129 1495 284 1563 fabulae
317 1519 437 1565 versus
471 1495 615 1582 aliquot,
652 1495 773 1582 quibus
806 1494 943 1561 fabulae
976 1515 1109 1560 sensum
1143 1494 1336 1582 explicavit.
1393 1497 1454 1563 hos

129 1622 267 1668 versus
297 1600 448 1668 servavit
478 1600 573 1666 nobis
597 1598 811 1685 Theogoniae
842 1599 1068 1686 interpolator
1092 1600 1247 1666 versibus
1269 1600 1453 1669 eeu-612.

130 1705 169 1770 in
198 1707 317 1794 Opera
345 1706 442 1772 uobis
473 1704 676 1772 restituendi
702 1710 797 1786 sunt,
830 1708 869 1770 ut
900 1704 1067 1790 integram
1090 1703 1239 1771 fabulam
1262 1705 1454 1773 habeamus.

134 1832 231 1898 quae
262 1810 351 1877 ratio
381 1811 471 1877 inter
494 1808 722 1894 Theogoniam
750 1815 786 1875 et
809 1808 955 1895 Operum
982 1830 1103 1875 versus
1125 1809 1256 1876 50-68
1271 1813 1311 1894 -Ι-
1325 1811 1455 1877 69-82

133 1914 383 1997 intercederet,
408 1937 510 2001 supra
534 1914 683 2001 exposui.

231 2019 307 2086 Hac
323 2042 360 2087 re
377 2019 534 2086 absoluta
557 2018 658 2085 liceat
676 2017 755 2083 mihi
776 2017 809 2084 iu
825 2018 970 2084 animum
986 2017 1050 2084 tibi
1066 2039 1225 2086 revocare
1239 2017 1453 2105 Theogoniae

135 2146 267 2191 versus
291 2125 393 2205 51174
414 2123 536 2212 quibus
559 2124 631 2210 ipse
647 2122 816 2189 Hesiodus
835 2122 1026 2209 Epimethei
1047 2122 1198 2190 fabulam
1220 2123 1372 2190 breviter
1393 2146 1455 2192 nec

137 2251 209 2296 non
240 2227 386 2296 dilucide
415 2228 593 2315 significat.
640 2229 680 2295 de
703 2228 901 2315 Epimetheo
934 2227 1020 2295 hanc
1048 2227 1199 2295 fabulam
1229 2229 1339 2296 novit:
1375 2229 1455 2319 Epi·

138 2334 299 2401 metheus
321 2333 461 2422 primam
486 2333 657 2400 mulierem
677 2333 770 2400 Iovis
793 2333 888 2398 iussu
905 2332 1051 2400 effictam
1074 2334 1108 2400 in
1128 2334 1259 2401 domum
1282 2341 1318 2401 et
1340 2337 1455 2403 matri-

140 2438 293 2505 monium
316 2438 445 2525 recepit
467 2436 663 2523 (ὑπέδεκτο).
699 2437 760 2503 hac
776 2459 811 2503 re
828 2444 928 2522 gesta
942 2436 1027 2503 viris
1049 2439 1153 2504 κακὸν
1174 2436 1299 2522 γένετο.
1333 2439 1455 2526 quibus

140 2565 219 2609 cum
243 2543 400 2609 versibus
423 2564 496 2609 eum
519 2541 665 2629 Operum
689 2548 859 2608 vetustam
885 2542 1114 2609 narrationem
1136 2543 1337 2627 contuleris,
1368 2544 1454 2611 nihil

141 2647 240 2713 aliud
268 2670 367 2735 quam
390 2647 478 2735 quod
502 2646 717 2732 Theogoniae
746 2647 818 2712 loeo
841 2645 1010 2713 Hesiodus
1040 2647 1246 2732 significavit
1277 2671 1349 2716 eam
1379 2672 1454 2716 nar·

140 2774 223 2820 rare
246 2751 387 2819 videbis.
432 2751 527 2818 nulla
550 2752 680 2818 omnino
704 2750 896 2818 differentia
919 2751 1100 2818 intercedit
1128 2751 1218 2819 inter
1239 2753 1301 2820 hos
1323 2776 1453 2838 versus,

142 2879 231 2944 quos
247 2855 388 2923 Hesiodi
411 2877 485 2923 esse
509 2878 603 2922 nemo
626 2861 739 2941 negat,
764 2861 799 2922 et
815 2854 960 2943 Operum
983 2857 1219 2926 narrationem.
1256 2858 1454 2945 quinetiam

142 2961 181 3027 in
212 2983 250 3028 re
279 2959 405 3048 pusilla
435 2960 530 3027 ambo
561 2960 624 3026 loci
655 2960 746 3026 inter
771 2983 807 3027 se
832 2960 1056 3027 consentiunt.
1102 2961 1216 3029 eodem
1239 2963 1327 3029 enim
1348 2965 1454 3049 modo,

142 3087 212 3153 quo
235 3064 404 3132 Hesiodus
436 3064 575 3151 primam
606 3064 779 3130 mulierem
808 3076 950 3148 γυναῖκα
978 3065 1152 3148 παρθένον
1175 3066 1274 3150 dicit,
1308 3066 1454 3156 Operum

145 3176 249 3257 poeta
281 3177 489 3254 παρθενικῆς
518 3171 622 3236 καλὸν
652 3164 743 3246 εἶδος
773 3168 940 3254 ἐπήρατον
971 3191 992 3235 a
1025 3168 1176 3237 Vulcano
1209 3168 1292 3256 fingi
1324 3178 1453 3240 narrat.

145 3274 244 3341 vides
267 3297 366 3362 quam
388 3273 576 3340 inconsulte
591 3272 807 3340 Muetzellius
822 3274 866 3361 (p.
879 3272 959 3359 481)
974 3295 1093 3339 versus
1111 3274 1213 3354 51314
1235 3277 1454 3345 removendos

146 3401 223 3446 esse
247 3378 429 3445 contendat
449 3385 588 3466 propter
611 3379 749 3445 verbum
772 3376 955 3464 παρθένον.
991 3378 1130 3445 candem
1145 3378 1294 3445 fabulam
1309 3378 1454 3468 Operum

145 3489 249 3571 poeta
278 3489 398 3550 narrat
426 3503 525 3569 quam
554 3481 724 3548 Hesiodus
755 3482 943 3549 adumbrat.
995 3481 1083 3549 idem
1113 3481 1258 3571 Operum
1288 3490 1390 3571 poeta
1418 3486 1454 3553 in

147 3586 339 3654 Promethei
373 3586 507 3667 fabula,
544 3610 641 3674 quam
674 3586 826 3653 breviter
859 3594 1109 3671 commemorat,
1143 3588 1314 3655 narranda
1347 3588 1454 3659 Theo-

148 3690 269 3779 goniae
298 3691 527 3758 narrationem
554 3692 720 3759 imitatur.
767 3697 858 3758 certe
880 3690 988 3777 igitur
1011 3690 1068 3779 qui
1091 3691 1241 3758 fabulam
1263 3693 1304 3759 de
1326 3696 1455 3780 primae

149 3795 301 3864 mulieris
331 3796 460 3881 origine
490 3818 562 3863 aum
592 3795 782 3863 Promethei
813 3794 930 3862 fabula
962 3796 1170 3862 coniunctam
1199 3796 1234 3863 in
1264 3796 1376 3885 Opera
1404 3799 1453 3867 in·

151 3901 258 3969 seruit
266 3953 274 3985 ,
310 3899 536 3986 Theogoniam
571 3900 655 3966 bene
688 3901 801 3982 novit,
834 3922 908 3966 cum
940 3899 1041 3966 ctiam
1073 3922 1182 3988 parva
1216 3900 1251 3967 in
1283 3924 1320 3969 re
1353 3903 1453 3971 huius

149 4005 306 4073 carminis
337 4005 501 4073 rationem
533 4005 681 4073 haberet.
737 4004 822 4092 ipsis
852 4002 1066 4091 Theogoniae
1099 4006 1253 4073 versibus
1282 4005 1453 4076 Hesiodus

148 4110 297 4178 indicare
325 4109 421 4178 nobis
444 4109 624 4178 videbatur
654 4133 689 4177 se
719 4109 753 4176 in
777 4108 973 4196 Theogonis
994 4109 1127 4196 quidem
1149 4109 1299 4179 fabulam
1326 4113 1454 4199 primae

148 4214 299 4282 mulieris
336 4219 553 4283 narraturum
589 4237 654 4281 non
692 4236 776 4282 esse.
832 4220 870 4280 at
902 4237 921 4280 e
955 4211 1169 4299 Theogoniae
1207 4216 1454 4303 comparatione

148 4319 348 4407 (511-514)
371 4342 445 4388 oum
467 4325 605 4388 vetusta
627 4319 772 4409 Operum
794 4318 911 4386 fabula
937 4318 999 4385 hoc
1021 4317 1172 4386 concludi
1194 4307 1324 4407 nequit,
1354 4342 1396 4387 ne
1419 4321 1455 4388 in

149 4423 317 4513 Operibus
339 4424 472 4512 quidem
487 4424 672 4491 Hesiodum
694 4424 779 4491 hanc
797 4423 944 4491 fabulam
968 4423 1161 4511 protulisse.
1197 4430 1313 4491 eontra
1329 4426 1454 4512 optime

149 4528 191 4595 ad
214 4527 351 4596 fabulas
379 4528 471 4596 inter
503 4552 539 4596 se
562 4530 810 4597 consentientes
833 4528 996 4615 quadrat,
1027 4528 1137 4616 ipsum
1159 4528 1343 4596 Hesiodum
1371 4529 1456 4597 haue

147 4631 298 4700 fabulam
335 4655 420 4721 quae
450 4654 471 4700 a
501 4633 714 4720 Theogoniae
746 4637 943 4719 argumento
973 4638 1063 4700 certe
1095 4633 1205 4702 aliena
1234 4635 1310 4701 er'at
1338 4671 1381 4682 -
1411 4656 1456 4702 au

148 4735 299 4804 mulieris
339 4738 502 4825 originem
543 4739 586 4807 ad
627 4739 763 4806 deorum
804 4735 885 4822 γένη
917 4738 1091 4825 pertinere
1122 4738 1238 4806 dices?
1268 4776 1311 4788 -
1345 4738 1455 4827 ipsum

147 4841 348 4927 Hesiodum,
384 4843 451 4926 aio,
487 4844 572 4910 hanc
600 4866 699 4932 quam
729 4843 825 4909 novit
855 4841 1003 4909 fabulam
1032 4842 1066 4909 in
1089 4841 1257 4931 Operibus
1284 4866 1453 4912 narrasse.

148 4947 190 5014 ab
213 4946 362 5014 Hesiodo
393 4970 458 5015 nou
491 4970 566 5016 esse
599 4948 743 5016 alienum
776 4954 816 5015 ut
848 4969 945 5014 suum
976 4946 1084 5034 ipsius
1116 4970 1248 5016 carmen
1279 4948 1314 5016 in
1346 4947 1454 5018 altero
