3659 5509
729 469 771 541 17

88 654 250 738 paratur,
276 648 334 737 qui
358 647 457 737 plane
480 647 568 716 idem
592 651 656 715 111.
692 668 800 736 neque
823 648 877 715 est
899 645 1047 729 dubium,
1072 644 1153 735 quin
1182 646 1219 712 in
1242 645 1409 735 Operibus

89 755 193 843 prius
218 754 403 823 exstiterit.
446 775 554 841 neque
577 753 664 820 enim
687 752 759 820 illic
782 774 821 819 eo
844 751 952 819 careri
974 756 1100 839 potest,
1123 749 1182 817 ubi
1204 751 1408 820 allocutione

91 881 186 948 opus
203 865 266 941 est,
291 881 364 927 cum
387 858 441 925 hic
462 860 568 926 verba
591 855 617 924 ὦ
640 857 748 925 πέπον
770 857 891 924 bonum
911 855 1063 924 efficiant
1077 856 1241 924 orationis
1263 857 1407 924 initium.

89 970 283 1054 praeterea
315 963 421 1032 verba
452 964 589 1030 πάντων
622 963 698 1049 πέρι
728 963 835 1048 μήδεα
868 963 967 1039 aldais
999 962 1035 1027 in
1064 960 1233 1048 Operibus
1270 961 1409 1029 eandem

90 1070 240 1138 ironiam
263 1069 348 1137 bene
370 1090 453 1157 prae
476 1090 512 1136 se
534 1068 650 1136 lerunt
672 1089 771 1155 quam
790 1067 825 1132 in
842 1064 1057 1153 Theogoniae
1074 1088 1176 1133 versu
1189 1066 1254 1133 548
1273 1072 1408 1134 exstare

89 1174 255 1242 vidimus.
299 1178 416 1241 contra
448 1174 483 1239 in
506 1171 702 1259 Theogonis
736 1175 781 1256 (v.
805 1172 882 1258 559)
907 1172 979 1238 1111
1012 1171 1084 1238 ullo
1114 1172 1304 1240 sententiae
1333 1194 1408 1239 acu·

89 1280 185 1347 mine
207 1279 289 1347 haec
311 1279 416 1346 verba
439 1277 480 1345 de
495 1277 693 1345 Prometheo
718 1276 884 1345 dicuntur.
930 1277 1028 1342 immo
1052 1275 1105 1342 bis
1127 1276 1242 1343 verbis
1265 1276 1407 1345 adiectis

90 1383 199 1451 etiam
233 1382 433 1451 debilitatur
466 1373 637 1450 sententia
669 1404 790 1450 versus
826 1381 901 1448 560.
961 1380 1154 1449 removendi
1186 1381 1295 1469 igitur
1328 1388 1408 1450 sunt

89 1510 217 1556 versus
241 1488 462 1556 54311559.

184 1592 310 1661 Statim
326 1597 438 1660 autem
453 1592 506 1659 his
519 1591 777 1659 difficultatibus
792 1590 917 1659 levatis
934 1613 1021 1658 nova
1036 1595 1274 1678 comparantur
1290 1614 1407 1660 narra·

90 1697 201 1766 tionis
217 1719 408 1786 progressu.
445 1719 518 1766 1111
531 1719 634 1785 supra
649 1719 690 1765 ex
705 1696 789 1785 ipsis
802 1697 926 1777 verbis,
943 1695 1035 1763 nullo
1052 1696 1119 1762 alio
1135 1703 1332 1783 argumento
1344 1698 1408 1782 usi,

92 1803 359 1871 concluserimus
389 1802 571 1889 contigisse
592 1801 802 1883 Prometheo,
835 1809 874 1868 ut
895 1800 1009 1867 Iovem
1034 1800 1221 1888 deciperet,
1251 1803 1408 1871 versibus

90 1907 271 1974 sco-552
305 1908 405 1995 plane
437 1907 641 1975 contrarium
674 1908 849 1995 probatur.
902 1927 1009 1994 neque
1041 1906 1128 1973 enim
1162 1905 1321 1994 deceptus
1355 1915 1410 1977 111

89 2011 262 2100 Iuppiter,
298 2010 357 2079 sed
388 2011 472 2079 bene
502 2012 678 2101 perspexit
708 2011 835 2096 dolum;
878 2033 951 2078 cum
985 2014 1097 2077 autem
1127 2009 1214 2078 male
1244 2012 1407 2080 adversus

90 2117 245 2184 homines
268 2116 467 2200 consuleret,
491 2112 576 2205 quse
598 2117 688 2185 mala
707 2116 848 2185 consilia
870 2138 951 2183 vere
977 2116 1137 2204 perficere
1160 2116 1405 2201 constituisset,

92 2221 251 2289 consulto
283 2227 510 2310 campartem
533 2222 685 2310 sumpsit,
717 2244 783 2312 qua
814 2243 893 2288 ossa
924 2220 1088 2287 contineri
1111 2220 1202 2288 haud
1224 2221 1406 2307 ignoraret.

90 2350 206 2394 nonne
229 2327 432 2394 mirabiliter
448 2349 487 2394 ac
509 2327 608 2416 plane
623 2332 762 2415 praeter
785 2326 1071 2414 exspectationem
1094 2326 1246 2393 narratio
1270 2349 1410 2415 progre-

92 2431 215 2500 ditur?
237 2432 395 2521 quidnam
418 2431 523 2499 efficit
537 2432 691 2521 Iuppiter
714 2433 847 2500 ossibus
871 2430 1039 2519 sumptis?
1062 2430 1176 2514 efficit,
1200 2435 1239 2497 ut
1261 2431 1341 2500 inde
1365 2456 1408 2501 ex

93 2558 135 2604 eo
169 2542 319 2624 tempore
350 2536 500 2605 homines
532 2560 610 2606 ossa
631 2543 764 2606 tantum
796 2536 908 2604 disin
938 2536 1008 2604 sris
1039 2536 1245 2605 comburant.
1290 2559 1408 2626 nempe

92 2642 148 2710 ita
168 2642 380 2730 pepigerunt,
404 2646 445 2709 ut
460 2642 611 2710 contenti
627 2664 701 2710 esse
717 2642 862 2710 debeant
878 2641 913 2708 di
929 2663 978 2725 eo,
1004 2640 1089 2728 quod
1105 2640 1263 2729 Iuppiter
1286 2653 1408 2711 sumat.

92 2768 180 2833 ergo
195 2746 248 2814 die
264 2769 342 2814 ossa
357 2747 486 2814 dabunt
500 2748 658 2830 homines,
681 2747 766 2836 ipsis
782 2769 915 2814 carnem
932 2752 1076 2833 extaque
1092 2746 1263 2814 comedere
1278 2747 1406 2817 licebit.

94 2851 182 2919 haec
203 2851 310 2938 igitur
331 2851 425 2919 Iovis
457 2851 545 2921 mala
567 2852 602 2919 in
633 2853 782 2920 homines
812 2851 953 2919 consilia
976 2849 1079 2918 sunt?
1124 2873 1232 2919 nonne
1254 2853 1411 2942 Iuppiter

95 2979 180 3024 ossa
203 2956 355 3024 consulto
378 2979 511 3026 sumens
536 2958 689 3025 consulto
713 2957 777 3025 sibi
801 2956 990 3044 ceterisque
1013 2955 1410 3027 (111111111-1111111

91 3059 234 3129 fabulae
257 3062 445 3150 explicatur
460 3086 514 3131 vv.
539 3064 651 3146 556l7,
674 3084 758 3151 quos
774 3060 861 3129 male
884 3061 1031 3129 removit
1045 3060 1216 3129 stchius
1238 3063 1273 3128 in
1295 3064 1409 3151 priore

93 3165 256 3249 editione,
286 3188 347 3233 111
376 3166 477 3254 plane
510 3168 712 3235 seutentiam
740 3173 890 3234 mutasse
913 3166 1050 3233 videtur
1080 3168 1115 3231 in
1146 3165 1265 3234 altera.
1309 3167 1409 3237 immo

92 3293 163 3336 non
196 3269 303 3337 solum
325 3271 466 3339 Hesiodi
498 3279 578 3340 eunt
606 3295 661 3340 vv.
685 3272 795 3355 55617,
833 3271 914 3360 quia
943 3293 1063 3338 seusus
1096 3269 1233 3339 fabulae
1266 3272 1409 3342 nisibis

93 3375 254 3442 versibus
278 3375 418 3443 adiectis
449 3399 514 3443 non
544 3376 768 3463 intellegitur,
802 3376 862 3444 sed
885 3375 989 3443 etiam
1012 3375 1098 3442 satis
1129 3398 1267 3461 gravem
1290 3378 1410 3447 docent

94 3501 179 3547 rem.
223 3478 340 3547 fabula
362 3503 460 3568 quam
483 3480 653 3550 Hesiodus
682 3481 737 3549 bic
764 3486 887 3549 narrat
915 3480 1047 3547 omniuo
1076 3480 1185 3568 prima
1216 3480 1332 3549 fabula
1355 3489 1411 3552 est

96 3581 337 3670 ‘aetiologica’3
362 3607 442 3672 ergo
457 3585 641 3654 Hesiodum
664 3586 790 3653 imitati
813 3586 1022 3675 posteriores
1044 3591 1165 3674 poetae
1188 3608 1293 3673 genus
1315 3588 1409 3656 fabu-

93 3687 208 3755 larum
230 3687 504 3775 setiologicarum
526 3696 811 3780 propagaverunt.
857 3713 991 3758 sensum
1011 3690 1119 3776 igitur
1140 3689 1276 3759 fabulae
1303 3694 1410 3781 expli·

95 3799 179 3860 cant
193 3816 247 3862 vv.
264 3794 375 3878 55617.
420 3817 517 3883 quem
532 3819 667 3864 sensum
683 3796 740 3884 qui
755 3802 911 3864 accurate
928 3794 1117 3883 perceperit
1142 3795 1183 3862 de
1198 3797 1409 3865 removendis

95 3898 253 3965 versibus
269 3898 442 3965 550-552
464 3923 531 3966 111
550 3901 616 3967 iam
635 3900 822 3985 dubitabit;
845 3900 946 3988 plane
965 3899 1052 3967 euim
1072 3900 1256 3968 invertitur
1279 3924 1408 3988 sensus,

95 4025 172 4071 cum
188 4002 342 4091 Iuppiter
360 4024 438 4072 ossa
457 4005 609 4072 consulto
626 4011 747 4072 sumat.
781 4010 920 4094 praeter
936 4006 1021 4072 hano
1037 4003 1078 4071 de
1092 4003 1167 4092 ipsa
1181 4027 1218 4073 re
1233 4028 1409 4093 argumen-

94 4107 271 4190 tationem,
297 4130 363 4198 qua
386 4109 459 4177 sola
475 4131 593 4178 versus
616 4110 717 4197 55012
740 4133 839 4199 quam
854 4111 969 4198 inepte
992 4109 1063 4177 sint
1077 4109 1207 4177 inventi
1222 4110 1409 4202 insertique

95 4212 343 4300 comprobatur,
369 4213 471 4281 etiam
486 4214 634 4283 hocloco
650 4213 734 4303 ipsis
751 4215 865 4283 verbis
881 4214 1191 4302 sententiarumque
1208 4237 1334 4284 conexu
1356 4218 1409 4285 uti

94 4316 180 4384 lieet
202 4323 399 4404 argumento
422 4340 486 4407 quo
507 4342 628 4388 versus
651 4326 895 4389 removeantur.
942 4318 1053 4386 altera
1075 4319 1162 4386 enim
1185 4342 1266 4407 pars
1288 4343 1408 4389 versus

94 4421 162 4489 550
183 4428 417 4509 praecesserat
438 4446 470 4493 v.
488 4424 562 4509 545,
583 4425 644 4492 ubi
657 4426 763 4493 verba
778 4447 851 4493 cum
869 4424 1020 4492 acumine
1043 4424 1157 4512 posita
1172 4430 1260 4508 sunt,
1284 4424 1408 4493 ironice

95 4525 228 4594 scilicet
250 4526 291 4595 de
305 4527 389 4596 Iove
412 4528 562 4618 decepto.
609 4535 729 4598 contra
757 4552 860 4598 versu
878 4530 944 4596 550
966 4529 1083 4597 eadem
1102 4526 1229 4595 nullius
1251 4529 1410 4597 momenti

95 4635 177 4698 suut
198 4636 239 4698 ut
260 4631 362 4701 etiam
390 4633 426 4700 in
449 4634 588 4703 Homeri
613 4639 647 4701 s
668 4660 702 4703 v.
734 4636 787 4718 88,
818 4633 877 4701 ubi
895 4656 942 4702 11
972 4656 1012 4701 ex
1034 4631 1182 4699 Hesiodo
1212 4633 1409 4723 deprompta

94 4735 219 4804 iterum
241 4735 395 4822 legimus.
441 4740 556 4807 eodem
573 4740 669 4807 modo
692 4739 907 4807 iudicandum
923 4745 977 4806 est
999 4738 1040 4804 de
1055 4737 1170 4823 hymni
1193 4737 1227 4804 in
1243 4738 1409 4807 Venerem

95 4840 254 4909 versu43
273 4842 331 4931 qui
350 4849 464 4912 exstat
482 4844 555 4912 loco
574 4844 660 4913 satis
677 4844 788 4913 dubio.
819 4864 927 4933 neque
942 4842 1119 4931 quisquam
1137 4865 1271 4910 versum
1287 4845 1350 4911 545
1366 4845 1410 4914 ad

99 4968 221 5017 versus
233 4947 300 5016 550
322 4949 507 5038 exemplum
523 4949 697 5019 inventum
712 4973 787 5019 esse
802 4948 991 5032 contendet,
1016 4969 1217 5035 quamquam
1235 4970 1277 5017 11
1291 4970 1410 5018 versus

1125 5071 1148 5138 2
