3659 5509
1037 429 1080 497 10

403 601 598 691 Προμηθέα,
622 602 817 692 quibuscum
835 604 1079 694 comparandus
1099 611 1153 675 est
1165 604 1394 694 Etymologici
1407 603 1526 693 Magni
1547 603 1653 676 codex
1673 605 1720 690 B,

403 709 462 798 qui
490 732 552 798 pro
581 712 686 797 δῆσας
712 712 838 781 trudit:
869 714 978 799 δῆσαι.
1024 711 1066 782 de
1094 710 1263 781 infinitivo
1285 711 1422 780 dubium
1446 734 1513 780 non
1535 716 1599 795 est,
1631 712 1718 802 quin

403 814 616 884 nullomodo
645 817 806 887 ferendus
835 818 891 886 sit.
938 818 1040 888 aliter
1070 840 1126 887 155
1156 824 1211 888 555
1238 819 1428 887 constituta
1457 816 1498 886 de
1529 818 1718 907 participio

404 919 447 987 ab
469 920 663 990 Herodiano
685 924 825 992 tradito.
870 947 945 992 cum
974 924 1062 993 enim
1085 925 1146 993 boo
1168 946 1271 992 versu
1297 929 1427 1006 utatur,
1456 928 1496 989 ut
1519 922 1717 992 dialectica·

404 1046 479 1092 rum
507 1028 754 1117 correptionum
784 1029 970 1118 exemplum
993 1029 1197 1098 Hesiodeum
1226 1029 1367 1109 afferat,
1401 1033 1529 1097 55151115
1556 1033 1612 1095 555
1633 1050 1718 1096 vere

403 1131 618 1221 participium
649 1133 773 1220 legisse
803 1136 1034 1203 Herodianum
1063 1135 1098 1203 in
1128 1134 1312 1223 exemplari
1341 1156 1413 1202 suo.
1457 1155 1564 1222 neque
1592 1134 1718 1201 mirum

404 1237 502 1326 quod,
527 1260 600 1305 eum
622 1239 701 1307 aliis
725 1262 854 1329 qnoque
876 1241 960 1309 locis
983 1241 1018 1308 in
1041 1240 1253 1309 recensendis
1276 1245 1312 1308 et
1327 1238 1522 1326 Theogonis
1545 1243 1581 1306 et
1596 1237 1718 1327 Operi·

403 1342 467 1409 bus
488 1348 642 1412 veterum
671 1351 844 1414 auctorum
872 1347 1033 1415 memoria
1063 1369 1164 1435 saepe
1187 1346 1394 1429 adiuvemur,
1427 1344 1634 1413 exstiterunt
1657 1344 1720 1432 qui

403 1446 466 1515 boc
494 1470 625 1540 quoque
654 1450 726 1519 looo
748 1450 935 1521 Herodiani
966 1453 1137 1541 scriptura
1167 1450 1326 1520 utendum
1355 1450 1450 1519 nobis
1480 1472 1554 1519 esse
1578 1455 1717 1517 conten·

405 1553 527 1621 derint.
573 1556 737 1625 faciamus
766 1563 878 1626 autem
909 1580 1031 1626 versus
1060 1558 1111 1625 ita
1138 1579 1212 1625 esse
1239 1556 1396 1641 traditos,
1430 1560 1470 1623 nt
1499 1555 1717 1623 Herodianus

404 1681 461 1727 eos
490 1658 587 1746 legit.
631 1661 775 1750 primum
798 1663 1007 1731 offendamus
1030 1685 1167 1731 necesse
1188 1668 1243 1730 est
1271 1662 1306 1728 in
1329 1662 1403 1750 ipso
1424 1660 1617 1749 participio,
1649 1682 1717 1748 qno

404 1765 573 1833 transitus
605 1766 648 1835 ad
680 1789 800 1836 novam
831 1790 901 1837 rem
933 1768 1021 1836 male
1051 1768 1204 1837 efficitur.
1250 1767 1380 1835 accedit
1409 1765 1498 1855 quod
1527 1765 1650 1834 vocula
1680 1763 1720 1832 di

406 1892 508 1957 aegre
531 1872 753 1956 desideratur,
778 1896 844 1962 qna
866 1897 999 1962 semper
1020 1873 1201 1957 Hesiodus,
1225 1879 1265 1941 ut
1288 1873 1393 1957 decet,
1423 1871 1543 1955 utitur,
1574 1893 1649 1938 cum
1673 1870 1719 1937 ad

406 1975 510 2043 alium
532 1978 660 2046 transit
682 1978 737 2067 (of.
760 2002 815 2047 vv.
835 1980 910 2062 507,
931 1980 1005 2062 514,
1025 1979 1113 2065 517).
1148 1979 1263 2067 itaque
1286 1978 1344 2066 qui
1361 1976 1548 2045 Herodiani
1570 1975 1719 2064 scriptu·

405 2103 479 2148 ram
501 2083 680 2170 genuinam
702 2106 777 2152 esse
800 2085 1056 2167 contenderunt,
1072 2084 1185 2153 facere
1206 2106 1271 2151 555
1294 2088 1488 2172 potuerunt,
1511 2082 1592 2170 quin
1607 2086 1719 2148 totum

405 2186 514 2254 locum
546 2187 646 2276 plane
682 2195 877 2278 corruptum
909 2191 944 2257 in
979 2190 1149 2258 codicibus
1182 2188 1312 2257 nostris
1345 2193 1481 2256 exstare
1512 2192 1717 2255 statuerent.

405 2314 523 2380 nempe
546 2293 763 2380 complurium
788 2317 947 2363 versuum
969 2296 1123 2364 lacunam
1146 2300 1225 2363 ante
1248 2319 1280 2363 v.
1303 2294 1367 2361 521
1399 2292 1614 2362 statuendam
1642 2314 1719 2360 5555

406 2396 577 2485 scriptura
597 2397 784 2466 Herodiani
806 2406 944 2489 recepta
967 2401 1135 2484 dixerunt,
1158 2399 1255 2468 velut
1277 2398 1476 2467 Miitzellios
1498 2398 1544 2485 (p.
1556 2396 1636 2483 482)
1658 2394 1718 2484 qui

406 2500 449 2569 ad
479 2502 617 2570 eandem
646 2504 869 2573 coniecturam
900 2505 1158 2574 confirmandam
1188 2505 1314 2573 scholio
1344 2504 1388 2571 ad
1411 2501 1627 2591 Apollonium
1651 2500 1718 2568 Rh.

405 2605 443 2673 H
475 2607 577 2694 1249,
612 2608 700 2697 qnod
733 2610 832 2678 nimis
864 2615 1021 2679 accurate
1053 2610 1098 2678 ad
1129 2611 1217 2678 hune
1246 2609 1389 2677 Hesiodi
1421 2608 1530 2675 1551151
1563 2611 1718 2693 spectare

406 2714 546 2797 censuit,
570 2735 653 2782 usus
675 2720 729 2783 est
736 2740 744 2801 3
770 2716 874 2783 etiam
896 2715 1130 2803 Goettlingius
1153 2714 1340 2782 Herodiani
1363 2712 1567 2801 scripturam
1589 2715 1718 2779 rectam

408 2839 483 2886 esse
513 2824 610 2887 ratus
643 2826 703 2887 ant
734 2826 814 2889 ante
845 2845 877 2888 v.
904 2822 967 2889 521
1003 2820 1132 2909 aliquid
1164 2819 1329 2888 excidisse
1364 2823 1425 2886 aut
1457 2841 1512 2886 vv.
1535 2816 1634 2901 52011
1668 2815 1718 2883 ita

407 2922 601 2991 scribendos
625 2946 699 2993 esse
722 2924 912 2993 contendit:
935 2928 1058 3011 ταύτην
1080 2927 1144 3012 γάρ
1167 2942 1280 3012 σφισι
1302 2935 1425 3010 μοῖραν
1447 2922 1609 2989 ἐδάσσατο
1631 2945 1666 3007 μ.
1680 2924 1717 2986 Ζ.

407 3029 511 3113 δῆσας
533 3028 564 3095 ἀ.
586 3035 656 3096 κτλ.
686 3052 786 3118 quam
816 3032 1020 3099 sententiam
1047 3030 1217 3119 inpriore
1240 3030 1388 3098 editione
1412 3027 1526 3114 (1831)
1549 3024 1717 3114 prolatam

405 3132 440 3199 15
463 3133 709 3219 posterioribus
732 3134 937 3202 editionibus
959 3158 1001 3202 ne
1024 3135 1296 3203 commemoravit
1314 3133 1458 3222 quidem,
1482 3153 1555 3199 cum
1576 3153 1619 3197 ne
1641 3151 1716 3197 esso

408 3236 541 3327 quidem
550 3239 654 3323 δῆσας
664 3260 744 3306 vere
754 3238 940 3307 Herodiani
950 3240 1153 3328 scripturam
1163 3239 1399 3307 arbitraretur.
1417 3235 1574 3304 similiter
1581 3234 1717 3301 Abrens

407 3342 516 3409 locum
544 3342 751 3411 constituere
780 3343 890 3411 voluit
912 3344 1024 3429 (Gdtt.
1055 3367 1087 3431 g.
1120 3367 1194 3411 ana.
1219 3344 1304 3411 1842
1326 3341 1364 3409 Π
1394 3365 1426 3428 p.
1450 3340 1549 3427 1274)
1580 3345 1615 3406 55
1643 3339 1717 3426 ipso

407 3445 595 3515 Herodiani
617 3449 721 3533 δῆσας
742 3448 919 3538 recipiens,
943 3448 1144 3517 1515115520
1166 3449 1301 3516 1515111111
1320 3446 1534 3514 siemutsns:
1558 3444 1716 3530 loyporol·

407 3575 469 3636 την
492 3551 588 3638 δ’ἅρα
610 3564 733 3639 μοῖραν
754 3559 841 3634 nrt,
875 3554 920 3622 ad
950 3576 1033 3643 qnos
1063 3554 1427 3622 515555Β115515555115
1457 3570 1588 3640 quoque
1618 3547 1716 3634 (ausi.

407 3678 459 3742 gr.
482 3657 668 3745 spraobl.I
697 3681 730 3746 p.
755 3659 831 3746 161)
862 3659 1008 3743 accedit,
1049 3658 1117 3727 etsi
1143 3657 1325 3726 Herodiani
1361 3654 1565 3743 scripturam
1595 3651 1717 3720 ceteris

407 3762 563 3831 versibus
596 3785 662 3831 non
696 3764 837 3832 mutatis
874 3764 978 3852 recipi
1012 3786 1111 3852 posse
1142 3762 1333 3831 contendat.
1386 3759 1440 3828 cui
1471 3757 1717 3826 Sohoemonnus

411 3865 551 3954 (Theog.
574 3889 688 3936 comm.
711 3868 789 3955 219)
819 3868 1024 3957 obloquitur,
1060 3890 1178 3956 nempe
1200 3864 1386 3935 Herodiani
1416 3863 1587 3951 scriptura
1619 3862 1718 3929 115155

408 3993 529 4040 versus
559 3971 714 4040 lacunam
745 3972 888 4040 indicari
919 3977 1028 4040 ratus.
1073 3996 1094 4040 a
1126 3972 1247 4062 quibus
1278 3970 1431 4038 omnibus
1462 3967 1562 4036 valde
1591 3966 1717 4034 dissen-

408 4081 528 4145 serunt
548 4074 745 4165 Koechlyns
773 4076 887 4162 (abad.
910 4084 1018 4145 vortr.
1041 4100 1074 4145 u.
1096 4077 1198 4145 reden
1226 4076 1343 4159 1392,
1373 4074 1450 4159 393)
1482 4077 1517 4140 55
1543 4068 1715 4159 Gruppius

406 4181 442 4258 (1
465 4180 488 4249 l.
510 4204 543 4269 p.
569 4181 632 4248 116
640 4185 694 4264 so).
740 4180 794 4249 1115
823 4182 911 4249 enim
933 4183 1072 4249 verbum
1100 4183 1204 4267 δήσας
1234 4180 1265 4247 51
1288 4176 1504 4265 Theogonice
1532 4174 1716 4243 recensioni

409 4285 574 4370 adhibuit,
598 4308 696 4374 qnam
718 4286 893 4369 trinornm,
918 4289 998 4372 δῆσε
1015 4286 1044 4352 δ’
1063 4291 1175 4354 5115551
1198 4284 1311 4367 515511,
1335 4305 1434 4372 qnam
1453 4280 1629 4371 quinorum
1644 4301 1714 4348 var·

411 4414 507 4459 5111151
536 4390 688 4480 strophis
717 4391 938 4459 constitutam
961 4390 1179 4477 excogitavit.
1224 4388 1283 4457 ille
1306 4387 1587 4469 Choerobosenm,
1623 4406 1717 4472 quem

412 4495 519 4563 5511151
542 4496 639 4564 verbi
661 4499 764 4582 δῆσας
786 4501 910 4564 5555515
934 4495 1039 4578 novit,
1067 4495 1187 4561 mirum
1217 4495 1252 4561 in
1278 4492 1411 4560 modum
1433 4489 1539 4559 verba
1560 4491 1664 4575 δήσας
1684 4495 1718 4555 55

409 4601 535 4684 βουλὰς
548 4602 593 4688 (v.
604 4601 682 4688 534)
698 4601 888 4669 confudisse
904 4600 1093 4668 arbitratus
1114 4600 1158 4669 ad
1174 4599 1312 4667 verbum
1328 4597 1453 4682 βουλὰς
1468 4594 1715 4663 adnotationem

408 4704 450 4773 de
478 4717 520 4784 ας
549 4712 704 4794 correpto
734 4706 856 4775 fecisse
885 4705 1079 4793 suspicatus
1110 4707 1173 4772 est.
1231 4702 1319 4771 unde
1349 4722 1483 4770 versum
1510 4697 1715 4767 52155534

409 4815 485 4880 arte
507 4810 701 4879 coniunctos
722 4811 829 4879 fnisse
852 4809 1275 4879 15555151555522-533
1299 4806 1357 4897 qui
1378 4803 1594 4873 intercedunt
1615 4824 1715 4870 remo·

412 4916 539 4988 vendes
567 4915 707 4984 censuit.
754 4938 838 5004 quas
867 4915 911 4985 ad
939 4913 1128 4983 sententias
1159 4934 1239 4982 sane
1269 4913 1373 4983 miras
1399 4908 1599 4979 refutandas
1620 4928 1714 4995 argo·
