3659 5509
773 405 817 473 75

135 605 253 674 pugna
282 605 343 652 nee
366 582 406 651 de
428 579 683 651 Titeuomaobia
712 583 828 668 agunt.
874 579 914 649 de
937 578 999 649 bae
1028 602 1065 648 re
1096 577 1198 647 etiam
1228 577 1320 649 infra
1341 578 1447 647 verba

134 690 269 759 faciam.
314 690 377 758 hoe
407 688 480 757 loeo
509 709 608 777 quem
637 686 724 755 male
753 710 808 755 vv.
832 686 896 754 687
920 710 990 777 sqq.
1014 686 1059 755 ad
1080 691 1188 755 totam
1217 687 1444 756 narrationem

136 796 307 885 quadrent
328 795 540 863 confirmasse
563 794 650 862 satie
673 798 735 861 est.
782 793 902 882 quibus
925 792 1082 861 versibus
1107 794 1247 862 remotis
1269 798 1344 862 tota
1366 816 1443 861 uar-

135 901 228 970 ratio
250 902 286 969 id
307 901 519 989 potissimum
542 922 643 986 agere
667 899 817 980 videtur,
847 905 887 964 ut
911 921 1058 986 pugnam
1081 922 1101 967 a
1124 899 1345 984 Centimanis,
1378 922 1444 966 non

135 1031 159 1074 a
180 1008 233 1075 dis
256 1030 329 1074 oum
348 1007 528 1074 Titanibus
551 1006 758 1073 commissam
782 1004 962 1072 describat.
1009 1004 1142 1073 minime
1164 1015 1277 1074 eutem
1300 1007 1386 1074 haue
1408 1007 1443 1073 iu

134 1135 206 1180 rem
237 1137 291 1181 vv.
314 1112 487 1181 ael-885
520 1112 686 1199 quadrare
718 1110 887 1178 videntur.
943 1110 1000 1198 qui
1032 1113 1121 1178 sieut
1152 1110 1348 1199 Typhonem
1380 1135 1446 1180 non

135 1222 409 1301 commemorant,
441 1217 529 1284 uude
554 1215 882 1304 Typhonomaehiam
904 1222 1024 1302 postea
1045 1216 1207 1285 insertam
1230 1241 1305 1285 esse
1327 1240 1446 1304 eogno-

134 1347 229 1392 seere
259 1324 355 1408 lieet,
387 1346 429 1390 ne
452 1322 722 1391 Centimanorum
746 1320 878 1409 quidem
901 1321 1066 1387 rationem
1088 1321 1231 1402 habent,
1264 1346 1347 1412 quos
1370 1329 1445 1392 tota

135 1429 170 1496 in
193 1430 388 1497 narratione
409 1429 535 1516 primas
557 1428 688 1494 omnino
712 1433 828 1515 partes
856 1448 958 1512 agere
981 1425 1142 1508 vidimus,
1178 1428 1237 1495 sed
1261 1435 1378 1516 aperte
1401 1428 1446 1496 ad

135 1557 251 1602 veram
267 1534 554 1600 Titanomaohiam
577 1538 743 1619 spectant.
781 1530 874 1597 nullo
890 1531 1122 1599 antecedentis
1144 1533 1350 1600 narrationis
1372 1533 1445 1601 loeo

134 1646 206 1708 tam
229 1639 409 1707 manifesto
429 1661 548 1705 sensus
565 1636 838 1704 Titanomeohiae
861 1635 1033 1703 indicetur
1055 1659 1152 1724 quam
1170 1661 1202 1704 v.
1219 1639 1292 1705 882.
1331 1645 1445 1705 utrum

136 1745 278 1812 Titanes
300 1768 341 1811 an
362 1745 435 1811 ὅσοι
451 1744 586 1830 Κρόνου
601 1742 791 1827 ἐξεγένοντο
812 1742 853 1808 ab
871 1741 1059 1808 hominibus
1078 1742 1259 1810 honoribus
1277 1744 1445 1811 efficeren-

135 1859 202 1934 tur,
226 1851 248 1917 i.
261 1873 289 1917 e.
313 1849 428 1915 mundi
451 1871 591 1934 regnum
615 1854 650 1915 et
665 1847 840 1935 imperium
857 1847 1060 1930 obtinerent,
1085 1847 1146 1914 hae
1161 1870 1275 1935 pugna
1291 1850 1445 1917 decerne·

133 1957 237 2023 batur
269 1961 371 2043 atque
403 1954 574 2021 decretum
606 1957 669 2020 est.
721 1953 865 2020 viatoria
896 1975 916 2019 a
949 1953 1002 2019 dis
1034 1957 1211 2041 reportata
1239 1953 1394 2042 Iuppiter
1426 1978 1447 2022 a

134 2061 257 2128 ueteris
281 2059 333 2126 dis
356 2082 415 2125 rex
439 2059 550 2126 fautus
574 2064 626 2124 est
656 2058 836 2125 seeundum
860 2058 987 2125 Terrae
1010 2057 1217 2127 vaticinium.
1263 2059 1370 2127 Tarra
1392 2060 1446 2128 hio

133 2172 390 2233 commemorata
413 2165 505 2251 ipsos
528 2186 648 2231 versus
672 2162 801 2230 vetusti
825 2170 946 2251 poetae
969 2186 1053 2245 esse,
1077 2163 1134 2251 qui
1158 2164 1347 2232 fabularum
1370 2188 1445 2233 sen·

133 2294 207 2337 sum
230 2271 314 2337 beue
337 2270 480 2349 noverit,
504 2275 658 2356 apparet.
697 2269 815 2356 quanti
838 2268 925 2335 enim
949 2269 1107 2336 momenti
1122 2274 1262 2337 vetusta
1277 2270 1312 2335 iu
1327 2270 1445 2338 fabula

133 2375 251 2457 Terra,
277 2376 339 2442 dea
362 2374 521 2456 vaticina,
546 2374 661 2455 fuerit,
686 2395 806 2440 versus
828 2373 893 2439 463
914 2374 1029 2440 et470
1052 2373 1182 2441 dooent.
1227 2397 1334 2463 neque
1356 2375 1444 2443 male

132 2479 360 2569 interpolator
390 2479 684 2547 ‘Titanomaohiae'
712 2477 927 2546 Centimanos
957 2481 1061 2564 Γαίης
1075 2469 1372 2568 ’φραδμοσύνῃσιν
1402 2481 1445 2548 ad

131 2587 237 2654 lucem
270 2590 448 2653 revocatos
480 2607 555 2652 esse
583 2590 716 2666 narrat,
747 2606 844 2672 quem
866 2606 986 2651 versus
1008 2585 1075 2650 884
1097 2584 1261 2651 rationem
1285 2586 1444 2654 habuisse

133 2714 260 2758 meeum
294 2690 401 2770 diaes,
436 2690 494 2757 ubi
528 2696 698 2757 vetustam
732 2713 888 2756 versuum
920 2690 1021 2775 88115
1055 2688 1200 2756 indolem
1236 2693 1443 2776 cognoveria.

130 2796 291 2884 Meyerus
325 2796 457 2884 quidem
491 2795 551 2862 hos
585 2817 704 2862 versus
737 2794 888 2861 Hesiodo
925 2794 1113 2878 abiudieat,
1152 2817 1225 2861 oum
1258 2796 1443 2863 Hesiodum

131 2901 240 2989 ipsum
277 2900 564 2969 Titanomaehiam
601 2900 696 2986 large
732 2901 928 2988 exposuisse
965 2899 1072 2966 variis
1107 2900 1147 2966 de
1181 2900 1293 2968 nausis
1328 2907 1441 2987 neget,

129 3028 229 3094 quam
263 3030 317 3073 vv.
342 3006 516 3072 384-403
547 3004 646 3092 plane
681 3004 847 3072 contineri
880 3009 916 3070 et
948 3004 1080 3071 absolvi
1113 3005 1293 3072 contendit.
1347 3006 1445 3073 immo

130 3113 217 3178 satis
242 3133 408 3199 superque
431 3110 615 3178 Hesiodum
638 3110 773 3193 laudat,
805 3109 894 3197 quod
918 3132 1007 3193 rem,
1040 3133 1105 3197 qua
1129 3117 1300 3178 sescentos
1323 3134 1444 3178 versus

0 3207 2 3242 '
131 3215 267 3303 explere
296 3216 425 3303 potuit,
458 3221 527 3282 tam
558 3216 708 3281 breviter
739 3214 996 3302 necquicquam
1029 3215 1212 3302 neglegens
1241 3217 1444 3284 narraverit.

131 3328 234 3410 atque
265 3320 325 3387 hoo
354 3318 596 3386 eoncedendum
628 3342 747 3386 versus
777 3341 851 3385 esse
882 3319 1036 3406 optimos.
1090 3325 1125 3386 et
1153 3321 1306 3408 proferto
1335 3344 1440 3410 usque

131 3426 173 3492 ad
196 3426 294 3491 finem
317 3447 373 3491 res
395 3424 554 3511 progredi
578 3424 723 3506 videtur,
749 3446 821 3489 eum
845 3448 876 3490 v.
893 3425 957 3490 403
981 3423 1089 3490 dieat:
1116 3427 1282 3504 ...αὐτὸς
1300 3425 1337 3492 δὲ
1355 3426 1439 3512 μέγα

130 3543 243 3613 κρατεῖ
266 3528 325 3615 ἠδὲ
349 3529 486 3596 ἀνάσσει
509 3531 567 3615 (so.
591 3531 698 3612 Ζεύς).
750 3534 867 3616 aperte
890 3529 1059 3596 Hesiodus
1082 3528 1135 3596 hio
1157 3530 1273 3597 Iovem
1295 3554 1439 3618 regnare

132 3636 223 3702 dicit.
270 3643 308 3702 at
330 3641 436 3700 totam
460 3657 546 3717 rem,
580 3635 609 3700 si
633 3657 704 3700 eam
728 3657 808 3700 vere
832 3635 893 3700 hoo
915 3633 987 3700 loeo
1011 3633 1186 3701 absolvere
1209 3635 1334 3719 voluit,
1368 3637 1441 3704 loeo

131 3740 265 3806 minime
295 3745 376 3826 apto
405 3745 540 3823 narrat,
575 3739 668 3805 nulla
698 3738 766 3806 alia
798 3738 838 3804 de
868 3762 970 3806 eausa
996 3762 1093 3827 quam
1117 3739 1204 3827 quod
1227 3738 1331 3828 Styx,
1366 3742 1437 3809 iilia

133 3843 272 3930 Tetyos,
295 3843 422 3910 liberos
446 3866 524 3910 suos
547 3867 620 3912 oum
640 3844 722 3911 Iove
746 3844 956 3910 eoniunxerit
977 3844 1039 3911 illa
1062 3844 1125 3928 die,
1149 3867 1215 3931 qua
1230 3845 1310 3911 deos
1330 3852 1365 3913 et
1381 3846 1438 3934 qui

134 3949 191 4014 alii
221 3948 349 4015 vellent
380 3948 414 4015 in
445 3971 592 4035 pugnam
621 3971 694 4015 oum
721 3948 901 4016 Titanibus
930 3950 1086 4037 Iuppiter
1115 3949 1304 4016 arcessivit.
1350 3949 1439 4039 Styx

133 4053 247 4139 igitur,
277 4076 342 4120 nou
366 4053 530 4141 Iuppiter,
560 4054 695 4121 deorum
718 4076 792 4136 rex,
824 4054 859 4119 id
882 4054 971 4142 quod
994 4059 1105 4121 tamen
1129 4054 1162 4120 in
1187 4053 1442 4124 Titanomeehie

133 4182 212 4226 sane
242 4166 485 4245 exspectamus,
522 4158 583 4225 hoo
613 4158 686 4225 loeo
716 4158 836 4225 summi
866 4158 1025 4225 momenti
1058 4163 1121 4226 est.
1165 4181 1273 4247 neque
1303 4165 1440 4246 praeter

132 4262 271 4351 Stygem
294 4262 484 4351 liberosque
508 4264 683 4352 quisquam
706 4264 762 4351 qui
779 4264 894 4330 Iovem
915 4262 1087 4330 adiuverit
1108 4270 1383 4331 commemoratur
1398 4306 1439 4314 -

131 4391 171 4434 na
200 4368 305 4436 ceteri
337 4368 468 4456 quidem
493 4368 527 4434 di
552 4368 608 4457 qui
639 4376 730 4436 uerte
761 4368 1037 4436 commemorandi
1060 4374 1223 4435 erant-
1245 4391 1440 4457 nequaque

131 4472 171 4540 de
200 4495 303 4540 eausa
332 4472 457 4540 bellum
487 4496 560 4540 oum
584 4473 764 4540 Titanibus
798 4480 907 4540 ortum
940 4473 987 4541 sit
1018 4472 1205 4560 exponitur.
1249 4496 1309 4541 nee
1338 4479 1440 4542 natus

131 4577 260 4665 quidem
284 4584 339 4645 est
358 4577 515 4665 Iuppiter
545 4577 593 4645 eis
621 4577 844 4666 temporibus,
878 4578 999 4665 quibus
1022 4577 1112 4666 Styx
1134 4578 1209 4664 ipsa
1231 4579 1383 4646 naseitur
1404 4585 1440 4646 et

130 4682 247 4750 deinde
269 4704 290 4750 a
312 4681 470 4750 Pallante
499 4683 533 4749 iu
566 4682 814 4750 matrimonium
847 4681 992 4748 ducitur.
1037 4682 1167 4750 aceedit
1188 4683 1277 4771 quod
1305 4682 1340 4749 in
1370 4682 1435 4751 fine

133 4787 336 4855 narrationis
360 4786 401 4853 de
422 4787 504 4854 Iove
528 4810 546 4854 e
571 4786 668 4855 Rhea
691 4794 773 4855 nato
797 4808 870 4853 eum
891 4785 1034 4852 Cronum
1057 4791 1187 4874 patrem
1211 4793 1447 4874 superaturum

132 4897 232 4981 atque
255 4891 365 4979 ipsum
388 4891 478 4960 inter
494 4892 574 4960 deos
591 4898 811 4981 regnaturum
827 4912 901 4959 esse
915 4891 1086 4960 indicatur
1100 4896 1244 4959 tantum:
1264 4941 1320 4976 ...‚
1344 4892 1362 4958 ὅ
1377 4917 1436 4978 μιν
