3659 5509
214 1707 363 1776 Hesiodo
395 1708 425 1776 si
455 1708 531 1798 quis
554 1731 688 1797 operam
712 1709 795 1777 dare
817 1708 1020 1793 instituerit,
1044 1708 1168 1775 nonin
1190 1708 1303 1776 verbis
1327 1728 1433 1775 emen·

125 1811 247 1881 dandis
270 1813 404 1882 versari
426 1813 513 1881 satis
536 1813 683 1898 habebit,
707 1813 766 1881 sed
790 1814 887 1903 quasi
903 1819 1039 1881 coactus
1054 1812 1098 1880 ad
1113 1812 1274 1880 universa
1288 1812 1435 1879 carmina

126 1917 387 2007 interpretanda
415 1940 595 2007 eorumque
625 1919 898 2008 compositionem
930 1924 1033 2007 atque
1065 1917 1240 1986 historiam
1269 1916 1434 2005 pervesti-

126 2021 273 2110 gandam
294 2023 543 2111 progredietur.
584 2029 666 2111 quot
688 2024 775 2091 enim
797 2023 876 2091 inde
898 2023 941 2091 ab
964 2021 1100 2109 Heynio
1124 2028 1159 2089 et
1180 2022 1219 2089 F.
1241 2024 1285 2089 A.
1309 2020 1433 2089 Wolfio

130 2128 337 2195 exstiterunt
358 2126 501 2195 Hesiodi
522 2127 738 2217 interpretes,
762 2128 835 2198 sive
858 2127 1086 2215 Theogoniam
1110 2127 1183 2195 sive
1206 2126 1319 2214 Opera
1340 2149 1435 2194 cura·

124 2235 260 2315 verunt,
283 2238 338 2299 tot
360 2232 432 2300 fere
455 2232 629 2321 opiniones
651 2233 808 2322 prolatae
831 2239 911 2301 sunt
927 2231 969 2300 de
991 2232 1121 2318 origine
1144 2238 1180 2299 et
1195 2231 1435 2321 compositione

127 2338 319 2404 carminum.
365 2337 454 2405 unde
476 2338 544 2406 iam
566 2338 708 2426 colligas
731 2338 821 2421 licet,
845 2338 957 2428 qualis
987 2343 1023 2405 et
1046 2342 1174 2426 quanta
1195 2337 1243 2404 sit
1265 2337 1431 2426 quaestio.

126 2446 231 2530 atque
246 2442 375 2530 primus
391 2441 525 2532 quidem
541 2442 696 2526 (deictus,
713 2444 869 2513 acerrimi
891 2445 946 2513 vir
967 2442 1093 2525 iudicii,
1119 2442 1159 2510 de
1175 2441 1369 2529 Theogonis
1384 2442 1435 2511 ita

126 2546 208 2633 egit,
232 2555 272 2614 ut
294 2553 432 2635 praeter
455 2548 633 2616 verborum
656 2550 968 2638 sententiarumque
991 2546 1249 2635 explicationem
1271 2547 1374 2614 etiam
1394 2547 1436 2614 de

126 2652 368 2740 compositione
397 2653 556 2722 carminis
579 2660 615 2723 et
637 2654 745 2723 forma
768 2654 914 2742 genuina
937 2653 1169 2743 quaestionem
1191 2651 1390 2719 institueret
1398 2650 1433 2738 ¹),

127 2755 248 2825 deinde
278 2756 502 2827 Ruhnkenius
541 2759 582 2827 de
613 2759 770 2827 carminis
808 2757 1129 2846 interpolationibus
1159 2757 1267 2825 multa
1298 2756 1434 2844 egregie

126 2859 359 2949 disputavitb.
405 2885 501 2952 quem
524 2864 657 2952 excepit
668 2864 834 2952 Heynius,
858 2862 916 2951 qui
938 2861 973 2929 in
989 2861 1230 2930 dissertatione
1245 2861 1435 2930 academica

127 2965 179 3034 ‘de
203 2965 398 3054 Theogonis
427 2968 469 3035 ab
492 2968 642 3036 Hesiodo
672 2968 817 3036 condita’
848 2968 949 3055 (anno
972 2967 1057 3034 1779
1086 2966 1122 3033 in
1151 2972 1324 3034 comment.
1356 2964 1430 3033 Soc.

126 3069 224 3139 (lott.
247 3071 314 3138 vol.
330 3071 460 3159 11125)
482 3072 519 3138 id
533 3071 666 3138 studuit
680 3073 897 3163 comprobare
913 3073 1001 3161 quod
1017 3071 1119 3139 titulo
1135 3071 1202 3139 iam
1217 3070 1433 3158 significavit.

125 3197 147 3244 a
168 3175 415 3264 posterioribus
437 3177 524 3243 enim
546 3176 657 3263 poetis
680 3182 716 3244 et
738 3200 759 3245 e
780 3177 875 3263 viris,
898 3177 956 3266 qui
977 3178 1012 3244 in
1028 3199 1103 3245 eum
1124 3176 1354 3265 ordinemque
1370 3197 1432 3243 uos

125 3279 268 3367 legimus
291 3301 424 3347 carmen
446 3280 651 3367 redegerint,
667 3281 884 3350 vehementer
906 3291 943 3350 et
964 3289 1097 3352 auctam
1120 3289 1156 3350 et
1170 3286 1334 3350 mutatam
1357 3302 1433 3349 esse

127 3384 302 3451 contendit
325 3383 563 3471 Theogoniam,
587 3407 686 3474 quam
709 3386 783 3475 ipse
797 3385 979 3471 Hesiodus,
1003 3386 1210 3476 compilator,
1233 3409 1300 3454 non
1321 3394 1432 3475 poeta,

125 3510 167 3556 ex
189 3493 401 3557 vetustorum
429 3489 612 3557 carminum
642 3490 844 3576 fragmentis
867 3491 1127 3559 concinnaverit
1170 3513 1279 3580 neque
1301 3490 1433 3559 intelle·

129 3591 220 3660 xisse
244 3591 376 3681 quidem
392 3592 528 3681 Heynio
553 3593 734 3661 videbatur
750 3594 930 3677 Hesiodus,
956 3617 1040 3683 quae
1062 3596 1272 3684 conscripsit.
1338 3595 1435 3663 Wol-

128 3697 191 3764 fius
208 3696 434 3785 Theogoniam
454 3720 527 3765 cum
543 3719 630 3766 anno
647 3698 734 3765 1784
755 3699 789 3765 in
814 3699 1053 3787 discipulorum
1076 3722 1172 3767 usum
1197 3699 1314 3767 ederet
1332 3722 1433 3766 unum

128 3807 163 3869 et
185 3802 379 3869 continuum
402 3824 546 3886 carmen,
579 3801 733 3892 quamvis
756 3811 890 3871 auctum
920 3803 1238 3890 interpolationibus
1262 3825 1336 3871 esse
1359 3825 1433 3871 con·

124 3906 244 3976 tendit.
298 3929 373 3975 eum
404 3907 462 3995 qui
494 3907 602 3976 secuti
630 3913 711 3975 sunt
741 3906 887 3995 lapidem
918 3914 959 3975 ut
981 3907 1077 3975 aium
1098 3907 1227 3974 nullum
1260 3908 1433 3976 immotum

124 4011 345 4100 reliquerunt,
361 4032 401 4078 eo
417 4011 551 4099 quidem
572 4011 699 4081 intenti
714 4020 754 4080 ut
768 4011 986 4100 Theogoniae
1001 4011 1269 4102 antiquissimam
1280 4012 1431 4095 formam,

124 4138 222 4203 qnam
251 4114 572 4202 interpolationibus
595 4119 811 4188 obscuratam
834 4140 909 4187 esse
933 4116 1186 4201 contenderunt,
1216 4116 1430 4202 indagarent.

124 4241 167 4288 ex
189 4241 329 4309 quorum
344 4241 481 4288 numero
496 4222 625 4308 primus
641 4223 864 4291 nominandus
887 4229 942 4291 est
963 4222 1167 4291 Soetbeerus
1182 4220 1240 4309 qui
1262 4221 1296 4286 in
1314 4218 1432 4287 libello

124 4324 177 4393 cui
205 4324 404 4393 inscribitur
436 4327 599 4410 ‘versuch,
631 4327 686 4396 die
717 4329 845 4396 urform
875 4328 936 4397 der
964 4324 1208 4396 Hesiodischen
1239 4323 1434 4410 Theogonis

123 4430 387 4500 nachzuweisen’
411 4430 537 4517 (Berol.
561 4431 658 4520 1837)
680 4432 907 4521 ipsatormae
930 4431 1186 4521 antiquissimae
1208 4429 1355 4515 vestigia
1377 4427 1432 4496 de·

123 4535 341 4623 prehendisse
370 4534 435 4603 sibi
457 4536 552 4604 visus
584 4543 647 4620 est,
679 4560 753 4605 cum
775 4538 964 4626 complures
986 4536 1042 4604 vel
1064 4536 1245 4625 plerasque
1274 4531 1432 4602 carminis

125 4645 240 4729 partes
268 4641 305 4708 in
326 4640 513 4729 particulas
537 4642 712 4731 quinorum
734 4663 896 4712 versuum
918 4641 1019 4711 facile
1043 4646 1078 4709 et
1102 4639 1209 4709 dividi
1231 4645 1267 4708 et
1287 4659 1432 4727 compre·

212 4838 239 4906 1)
261 4834 384 4906 Mutaell,
403 4835 438 4892 de
455 4835 647 4894 emendations
666 4837 769 4909 Tbeog.
787 4839 852 4896 Hes.
871 4854 899 4908 p.
919 4839 953 4895 93
971 4850 1034 4906 sqq.

219 4925 250 4996 2)
267 4924 390 4997 Mbtzell,
407 4925 426 4981 1.
444 4925 462 4982 l.
480 4942 508 4996 p.
529 4929 579 4983 115
597 4943 657 4998 sqq.
