3659 5509
1039 437 1084 506 80

405 613 573 684 videntur.
611 611 672 682 sed
693 612 757 682 hac
778 611 820 682 de
842 634 880 683 re
904 611 1008 682 etism
1029 611 1121 684 infru
1143 634 1252 702 egum.
1290 638 1378 685 nunc
1400 614 1577 705 adipsum
1598 639 1717 687 narra·

404 720 530 789 tionem
553 719 779 806 aggredimur.

490 825 717 895 continuatur
738 823 846 912 igitur
867 823 1020 891 namatio
1044 824 1199 892 versibus
1221 825 1287 892 558
1308 829 1345 893 et
1366 824 1432 891 560
1454 823 1512 912 qui
1535 825 1717 894 secundum

405 932 611 1020 superiorem
634 928 961 1017 argumentationem
988 929 1075 997 satis
1098 935 1174 998 arte
1196 930 1287 998 inter
1318 953 1354 997 se
1378 934 1459 997 sunt
1481 931 1717 1019 coniungendi,

403 1042 531 1106 remoto
553 1058 656 1103 versu
679 1035 753 1102 559.
791 1057 853 1102 nec
867 1034 1024 1122 Iuppiter
1046 1034 1160 1103 verbis
1183 1035 1291 1103 solum
1314 1056 1351 1103 se
1373 1035 1591 1105 vehementer
1613 1037 1717 1105 irasci

405 1143 594 1232 profitetur,
619 1140 679 1210 sed
702 1140 858 1209 damnum
880 1162 945 1228 quo
970 1140 1114 1208 affectus
1137 1146 1191 1208 est
1212 1140 1304 1209 facto
1326 1139 1502 1229 rependit:

646 1298 827 1367 dcccdccc
849 1300 891 1384 δν)
913 1301 1027 1365 ἔπειτα
1049 1299 1153 1366 δόλον
1174 1298 1384 1384 μεμνημένος
1406 1298 1471 1366 αἰεὶ

640 1406 703 1472 οὐκ
724 1403 840 1473 ἐδίδου
862 1403 1010 1489 μελέοιοι
1032 1406 1139 1488 πυρὸς
1161 1403 1262 1489 μένος
1284 1404 1475 1483 ἀκαμάτοιο.

402 1567 514 1653 ignem
544 1563 653 1650 igitur
684 1562 873 1630 hominibus
905 1561 987 1630 dare
1016 1562 1213 1646 recusabat,
1250 1562 1313 1629 οὐκ
1344 1560 1478 1630 ἐδίδους
1517 1570 1620 1651 atque
1643 1563 1717 1647 !im·

400 1671 550 1761 perfecto
579 1667 723 1756 tempori
752 1667 915 1736 accedunt
945 1668 1050 1735 verba
1080 1669 1192 1743 δόλου,
1211 1667 1421 1753 μεμνημένος
1446 1666 1521 1734 uisi.
1552 1708 1593 1719 -
1628 1691 1715 1736 com·

401 1777 517 1865 plures
549 1774 604 1841 hic
636 1778 772 1841 exstant
804 1772 1032 1840 difficultates.
1077 1772 1219 1860 primum
1250 1762 1338 1839 enim
1367 1773 1487 1839 mirum
1517 1795 1592 1841 esse
1621 1774 1717 1842 vide-

399 1891 466 1964 tur,
499 1885 539 1947 ut
562 1877 735 1967 Gruppius
762 1878 909 1959 monuit,
946 1876 1034 1966 quod
1058 1876 1224 1965 Iuppiter,
1259 1899 1332 1944 cum
1363 1900 1385 1945 s
1406 1877 1617 1963 Prometheo,
1647 1901 1718 1946 nou

400 1988 442 2055 ab
466 1983 653 2053 hominibus
676 1983 753 2051 dolo
776 1983 823 2051 sit
845 1986 975 2071 captus,
999 1982 1158 2066 homines,
1182 2004 1247 2049 non
1265 1982 1501 2051 Prometheum
1523 1983 1715 2052 ulciscitur.

400 2091 461 2161 sed
493 2090 547 2157 hic
578 2088 757 2177 scrupulus
789 2087 970 2171 eximetur,
1004 2087 1034 2155 si
1065 2087 1141 2177 quis
1172 2087 1217 2155 ad
1248 2087 1358 2175 ipsam
1386 2087 1535 2156 fabulam
1565 2089 1716 2157 animum

399 2193 618 2266 converterit.
663 2192 820 2282 quidnam
841 2192 1063 2260 Prometheus
1085 2198 1205 2260 contra
1233 2192 1287 2260 ius
1310 2192 1430 2282 fasque
1456 2192 1561 2261 fecit?
1605 2193 1717 2262 nihil:

399 2301 459 2371 aed
481 2299 661 2389 prudentia
682 2304 815 2366 tantum
837 2321 920 2366 usus
943 2304 1010 2381 est,
1039 2303 1080 2365 ut
1101 2298 1216 2365 iovem
1240 2298 1401 2368 vinceret.
1447 2298 1567 2366 divicit
1588 2300 1713 2367 bovem

398 2412 581 2496 partesque
611 2404 663 2471 ita
685 2403 868 2492 disposuit,
900 2410 942 2469 ut
970 2403 1095 2487 lubuit,
1128 2425 1202 2471 cum
1233 2402 1309 2489 lege
1341 2426 1409 2471 non
1441 2411 1534 2472 esset
1563 2405 1716 2474 vinctus.

398 2513 460 2580 hcc
483 2510 570 2579 enim
594 2531 755 2577 summum
778 2512 832 2577 est
854 2514 890 2576 et
908 2507 1023 2576 Iovem
1047 2515 1082 2575 et
1100 2508 1250 2575 homines
1272 2508 1431 2592 nescisse,
1454 2509 1610 2597 quidnam
1634 2532 1716 2598 par·

399 2622 452 2686 tes
483 2615 707 2697 continerent,
740 2613 881 2702 ideoque
910 2618 1029 2702 partes
1058 2613 1192 2682 velatus
1217 2613 1334 2682 fuisse.
1382 2613 1472 2703 quod
1503 2614 1535 2683 si
1555 2613 1719 2703 Iuppiter
1818 2656 1819 2677 2

399 2723 537 2805 suaset,
569 2719 670 2788 facile
699 2725 775 2787 eret
804 2718 975 2786 meliorem
998 2724 1129 2806 partem
1153 2718 1289 2805 eligere.
1332 2719 1510 2806 prudentis
1533 2726 1610 2787 erat
1632 2742 1715 2809 pru·

400 2828 520 2894 denter
542 2847 654 2912 agere.
700 2829 738 2890 at
757 2822 914 2912 Iuppiter
937 2823 1048 2910 specie
1071 2824 1231 2911 deceptus
1255 2846 1292 2892 se
1314 2823 1389 2912 ipsc
1411 2830 1607 2914 ceterosque
1631 2825 1716 2894 deos

399 2931 488 2999 malo
511 2930 635 2999 affecit.
680 2928 769 3019 quod
792 2928 900 3016 igitur
924 2928 1087 3017 queritur,
1117 2929 1183 2996 sibi
1205 2929 1279 3017 ipsc
1300 2928 1431 2997 crimini
1454 2928 1554 2997 daret
1575 2952 1716 2998 necesse

402 3041 487 3122 eret,
503 3035 789 3103 nonPrcmetheo.
822 3033 972 3102 homiues
987 3039 1100 3101 autem
1115 3034 1237 3102 bonum
1252 3034 1376 3103 lucrati
1391 3039 1481 3103 sunt.
1515 3033 1576 3102 sed
1590 3035 1622 3103 si
1636 3035 1718 3124 Iup·
1817 3037 1818 3052 ¹

397 3142 489 3230 piter
518 3141 580 3208 hoc
606 3140 658 3207 its
679 3139 807 3207 factum
830 3160 904 3206 esse
927 3161 1029 3225 aegre
1052 3139 1122 3207 fert
1143 3146 1245 3228 atque
1268 3139 1431 3208 ultionem
1452 3143 1570 3227 parat,
1603 3162 1717 3209 nonne

400 3246 485 3314 solis
508 3244 698 3312 hominibus
720 3265 844 3311 novum
866 3243 991 3311 malum
1012 3243 1248 3312 inveniendum
1270 3243 1349 3313 est?
1391 3245 1554 3313 faciamus
1576 3251 1716 3332 poetam

398 3350 453 3417 his
474 3349 631 3418 versibus
654 3347 695 3415 de
710 3347 911 3415 Prometheo
934 3348 1061 3436 punito,
1083 3372 1148 3416 non
1169 3350 1209 3418 de
1228 3349 1417 3417 hominibus
1435 3349 1565 3437 punitis
1589 3349 1715 3437 egisse.

398 3455 540 3523 licuitne
559 3453 690 3521 omuino
709 3453 786 3521 Iovi
800 3452 1038 3521 Prometheum
1059 3455 1189 3542 punire,
1212 3461 1393 3543 propterca
1415 3453 1505 3542 quod
1527 3455 1601 3542 ipsc
1624 3456 1715 3523 satis

398 3560 586 3648 prudenter
615 3580 686 3627 rem
714 3580 781 3625 non
811 3557 954 3645 egerat?
998 3565 1034 3626 et
1055 3559 1136 3648 quid
1157 3558 1358 3629 Prometheo
1388 3559 1508 3647 punito
1539 3559 1716 3629 efficeret?

398 3664 552 3753 quamvis
575 3665 791 3732 vehementer
812 3663 849 3731 in
870 3663 1106 3732 Prometheum
1128 3664 1271 3748 saeviat,
1301 3664 1450 3732 homines
1472 3663 1577 3732 nihilo
1600 3665 1714 3732 minus

397 3791 569 3838 sacrorum
591 3769 761 3837 meliorem
784 3773 917 3857 purtem
939 3768 980 3836 de
1002 3775 1102 3856 pacto
1124 3770 1287 3837 obtinent
1331 3768 1414 3837 talis
1437 3768 1554 3837 fabule
1577 3769 1714 3857 qualem

397 3874 572 3962 Gruppiua
594 3874 695 3960 fingit
717 3896 819 3942 seusu
841 3874 974 3942 omnino
997 3879 1091 3942 caret
1112 3896 1219 3963 neque
1244 3874 1318 3942 iure
1341 3873 1543 3943 Welckerus
1565 3874 1711 3960 (griech.

396 3978 534 4065 gottcrl.
558 3978 579 4045 Ι
601 3977 678 4066 768)
707 4000 815 4067 neque
837 3977 1034 4067 Koechlyus
1061 3978 1174 4065 (ahad.
1198 3981 1305 4047 vortr.
1329 3978 1450 4065 1389)
1473 3978 1712 4047 Prometheum

398 4081 581 4151 secundum
613 4106 668 4152 vv.
698 4082 761 4149 521
797 4106 870 4172 sqq.
900 4090 1041 4171 propter
1073 4083 1159 4152 hanc
1190 4083 1343 4151 fraudem
1375 4083 1566 4153 Meconeam
1597 4083 1713 4173 puniri

398 4188 633 4276 suspicantur,
677 4187 798 4276 quibua
829 4188 1003 4256 Robertua
1039 4187 1075 4277 (l.
1098 4189 1122 4256 l.
1144 4211 1176 4277 p.
1201 4188 1279 4276 952)
1320 4189 1394 4257 iure
1434 4194 1488 4257 cst
1526 4189 1715 4258 oblocutus.

399 4299 518 4363 contre
560 4293 685 4382 optime
722 4292 892 4361 Hesiodus
929 4292 1046 4362 Iovem
1081 4294 1270 4361 hominibus
1315 4293 1478 4363 ultionem
1517 4317 1714 4382 comparere

395 4406 524 4470 narrat.
566 4420 701 4468 carnem
724 4419 894 4465 sacrorum
917 4398 968 4467 eis
990 4397 1138 4466 adimere
1159 4398 1288 4487 nequit
1333 4399 1563 4468 seduliores
1586 4406 1712 4484 exstut,

396 4526 463 4592 qua
487 4527 570 4592 opus
600 4508 654 4574 est
678 4502 868 4570 hominibus
901 4509 937 4571 et
959 4525 1026 4591 qua
1047 4504 1114 4570 nisi
1135 4503 1218 4571 Iove
1240 4503 1376 4573 volente
1399 4504 1451 4572 uti
1473 4526 1540 4572 non
1562 4504 1710 4592 possint,

396 4630 464 4698 qua
489 4609 625 4697 dempta
646 4630 690 4676 ne
712 4630 812 4675 cerne
836 4608 968 4695 quidem
991 4607 1058 4676 nisi
1080 4606 1188 4677 ferino
1212 4631 1303 4677 more
1324 4610 1417 4677 vesci
1438 4609 1592 4677 licuerit:
1615 4608 1708 4696 ignis

395 4718 450 4782 cst
477 4734 575 4802 quem
605 4713 786 4782 secundum
814 4718 1026 4781 vetustorum
1056 4713 1224 4781 hominum
1253 4714 1441 4802 opinionem
1462 4713 1620 4802 Iuppiter
1649 4719 1712 4783 aut

395 4817 477 4886 dare
512 4824 574 4886 aut
606 4840 763 4886 recusare
797 4822 923 4906 potest.
984 4820 1081 4903 ‘ienis
1113 4820 1198 4886 enim
1233 4826 1354 4887 ccccc
1390 4841 1452 4887 suo
1487 4839 1540 4887 res
1576 4819 1710 4887 muuime

393 4923 506 4992 diviua
536 4922 661 5008 demque
685 4926 825 5008 proprio
856 4925 927 4991 cisa
958 4922 1013 4991 μετ’
1043 4960 1088 4973 -
1120 4921 1170 4992 sic
1198 4922 1447 4995 Schoemannus
1471 4929 1535 5013 (op.
1561 4923 1600 4992 Π
1622 4923 1709 5011 280),
