3659 5509
1003 412 1046 483 74

370 583 526 670 deorum,
559 583 619 655 sed
643 583 683 655 de
707 585 978 656 Centimenorum
1008 607 1121 676 pugna
1144 585 1268 674 agitur.
1313 583 1376 653 hoc
1399 584 1486 653 enim
1508 582 1693 676 Iuppiter:

371 695 457 776 ‘nos,
489 692 616 783 inquit,
649 692 790 762 Saturni
821 693 938 775 liberi,
972 692 1113 760 Titanes
1146 714 1306 781 superare
1336 690 1519 782 nequimus.
1564 691 1693 782 itaque

369 821 430 866 vos
442 799 690 880 accersivimus,
706 806 745 865 ut
757 799 848 867 vires
860 806 996 867 vestras
1012 804 1130 866 contra
1143 798 1284 867 Titanes
1300 797 1544 867 ostenderetis’.
1576 799 1693 866 verba

370 906 466 991 ὑμεῖς
488 903 524 972 di
548 905 695 991 μεμύλην
721 929 756 971 τε
778 909 857 990 βίην
882 956 941 972 ...
966 908 1102 990 φαίνετε
1129 908 1325 989 Τιτήνεσσιν
1350 904 1441 971 solos
1464 902 1690 972 Centimanos

369 1009 448 1076 iude
479 1011 521 1078 ab
551 1009 612 1076 hoc
642 1016 792 1098 tempore
822 1016 1034 1097 pugnaturos
1064 1031 1139 1075 esse
1170 1009 1330 1076 indicant.
1376 1010 1443 1096 ipsi
1474 1009 1545 1093 dei,
1579 1009 1690 1094 longo

369 1115 497 1202 proelio
530 1115 670 1199 defessi,
707 1138 748 1182 ne
782 1120 1082 1183 commemorantur
1114 1114 1255 1203 quidem.
1310 1136 1417 1202 neque
1448 1113 1541 1181 Cotti
1574 1116 1691 1181 verba

370 1219 472 1287 alium
503 1243 636 1287 sensum
666 1220 853 1309 proferunt.
906 1222 1099 1307 ιῥυσόμεθα,
1131 1219 1252 1307 inquit,
1283 1220 1403 1306 κρότος
1425 1220 1511 1303 ὑμὸν
1540 1219 1578 1285 ἐν
1600 1223 1689 1306 αἰνῇ

369 1326 517 1411 δηιοτῆτι
540 1327 744 1411 μαρνάμενοι
772 1327 929 1412 Τιτῆσιύ.
963 1333 1038 1393 tota
1064 1348 1119 1392 res
1143 1325 1250 1410 igitur
1272 1347 1290 1391 a
1314 1324 1449 1391 notione
1473 1323 1568 1391 verbi
1590 1324 1689 1412 quud

370 1437 423 1497 eet
441 1432 583 1516 ῥύεσθαι
606 1431 751 1518 pendere
774 1431 920 1499 videtur.
961 1430 1131 1517 significat
1152 1435 1263 1497 autem
1288 1453 1351 1495 non
1374 1431 1539 1511 adiuuare,
1563 1431 1689 1495 εοείαιιε

370 1557 404 1601 ει
429 1537 529 1604 alicui
554 1538 714 1620 praebere,
744 1537 820 1604 sed:
855 1558 1046 1619 ωαεενναει,
1070 1537 1242 1618 defendere.
1287 1534 1378 1623 quod
1410 1540 1448 1600 ut
1479 1533 1687 1617 confirmem,

371 1641 400 1706 εἰ
419 1640 552 1728 quidem
572 1642 704 1707 omnino
723 1641 758 1708 id
777 1664 859 1730 opus
879 1664 954 1709 esse
970 1641 1115 1723 videtur,
1139 1641 1199 1706 hos
1216 1639 1306 1706 locos
1324 1640 1448 1706 afferre
1465 1639 1546 1705 mihi
1564 1638 1687 1706 liceat:

373 1750 402 1810 P
419 1747 483 1811 223
507 1748 572 1812 ‘iva
595 1771 651 1831 μοι
673 1749 797 1830 Τρώων
820 1747 963 1833 ἀλόχους
1060 1744 1281 1831 προφρονέως
1295 1746 1438 1830 ῥύοισθε
1455 1796 1462 1810 .
1478 1744 1517 1811 ..’
1528 1768 1536 1828 ;
1565 1749 1593 1809 0
1616 1745 1689 1812 290

371 1851 465 1916 ‘llll
486 1876 536 1929 τις
558 1848 635 1918 αὖτε
658 1859 750 1918 θεῶν
774 1852 937 1937 ἐρρύσατο
959 1850 1014 1917 καὶ
1034 1850 1181 1918 ἐσάωσεν
1196 1850 1358 1934 Ἕκτορα,
1384 1849 1440 1938 qui
1464 1850 1556 1916 locus
1576 1850 1687 1916 verbo

370 1955 487 2044 σῴζειν
509 1956 676 2042 adposito,
713 1957 763 2023 ita
794 1964 833 2023 ut
860 1960 898 2024 ἓν
922 1959 978 2023 oro
1000 1958 1098 2023 δυοῖν
1120 1956 1208 2044 quod
1233 1955 1372 2022 dicimus
1401 1955 1576 2036 efficiatur,
1611 1978 1689 2022 rem

369 2060 468 2147 plane
492 2061 611 2148 aperit.
658 2061 819 2128 statium
847 2066 877 2127 T
894 2062 968 2128 799.
986 2097 1026 2110 -
1043 2061 1124 2127 Hes.
1142 2061 1194 2128 Sc.
1212 2062 1275 2127 105
1297 2061 1346 2138 ‘39
1362 2064 1474 2146 Θήβης
1492 2063 1689 2147 κρήδεμνον

369 2168 435 2251 ἔχει
451 2166 568 2251 ῥύεταί
580 2189 615 2231 τε
630 2168 747 2250 πόληα.
765 2167 931 2254 —primo
950 2173 985 2233 et
1005 2174 1127 2254 quarto
1145 2166 1217 2233 loco
1237 2166 1353 2233 allatis
1374 2167 1512 2234 verbum
1526 2167 1687 2251 ῥύεσθαι,

371 2270 400 2336 si
423 2271 574 2336 adiuvare
596 2270 650 2337 vel
674 2273 776 2338 socios
799 2292 864 2338 esee
891 2274 928 2337 ι’νι
954 2293 1065 2356 purpose
1089 2272 1233 2352 diceret,
1268 2271 1422 2338 adhiberi
1450 2292 1551 2358 posse
1582 2270 1688 2358 plane

368 2396 465 2459 nego,
488 2398 560 2441 curn
583 2397 690 2463 neque
717 2378 755 2443 ul
767 2380 882 2461 ἄλοχοι
905 2399 1012 2466 neque
1035 2378 1111 2465 ipsa
1132 2378 1213 2444 urbs
1232 2381 1394 2463 pugnent.
1430 2376 1568 2443 eundem
1586 2376 1689 2444 verbi

371 2502 502 2547 sensum
539 2487 656 2568 aperte
690 2482 823 2568 profert
855 2480 1031 2569 Odysseae
1067 2483 1223 2549 carminis
1255 2507 1276 2547 α
1308 2506 1338 2549 v.
1362 2484 1399 2550 6:
1436 2481 1514 2547 ‘dli'
1540 2480 1611 2548 οὐδ’
1637 2477 1689 2558 ὥς

371 2583 509 2669 ἕτύρους
527 2585 689 2669 ἐρρύσατο
708 2586 838 2671 ἱέμενός
857 2588 929 2671 περ’
940 2588 971 2674 ¹).
1011 2588 1132 2676 quibus
1154 2586 1237 2654 locis
1261 2586 1396 2653 collatis
1415 2608 1480 2652 non
1498 2585 1686 2668 dubitabis,

370 2690 449 2779 quin
485 2691 622 2756 verbum
657 2692 800 2776 ῥύεσθαι
834 2692 882 2757 sit
915 2714 1116 2772 εοιιεεννανε,
1149 2693 1347 2774 periclitanti
1379 2692 1513 2757 solutes
1544 2693 1686 2773 adferre.

370 2795 406 2860 in
429 2795 567 2862 eandem
591 2818 659 2863 rem
683 2819 747 2862 vox
769 2797 864 2882 ὑμεῖς
885 2798 931 2881 (ν.
955 2797 1034 2879 649)
1058 2798 1225 2884 quadrare
1247 2797 1394 2878 videtur,
1420 2818 1505 2885 quae
1528 2796 1687 2862 consulto

372 2907 464 2968 certe
486 2901 520 2967 in
545 2901 734 2968 sententiae
756 2902 855 2969 initio
877 2903 991 2989 posita
1010 2901 1089 2969 deos
1113 2925 1227 2989 pugna
1246 2902 1434 2969 destituros
1453 2923 1528 2969 esse
1543 2901 1687 2969 indicat.

373 3007 486 3089 ‘nunc,
528 3006 654 3095 inquit,
691 3031 753 3073 vos
784 3007 944 3095 pugnetis
979 3030 1119 3095 quaeso,
1154 3030 1214 3075 nos
1242 3007 1309 3094 ipsi
1340 3029 1406 3074 non
1434 3006 1500 3075 iam
1530 3029 1688 3094 pugnare

371 3115 568 3200 possumus'.
614 3112 644 3179 is
669 3111 805 3179 videtur
827 3114 1006 3180 verborum
1036 3135 1156 3180 sensus
1186 3134 1270 3179 esse.
1316 3113 1378 3179 hoc
1407 3112 1515 3198 igitur
1548 3118 1686 3178 statuo:

374 3241 427 3283 vv.
451 3217 624 3284 644-663
657 3223 750 3284 certe
782 3218 824 3284 ab
853 3240 920 3283 uno
948 3224 1050 3306 poeta
1079 3218 1154 3283 ideo
1183 3217 1312 3284 inventi
1345 3225 1441 3300 sunt,
1474 3225 1513 3284 ut
1543 3216 1686 3284 Titano·

374 3321 521 3389 inachiae
544 3321 687 3388 alicuius
709 3344 789 3409 pars
813 3321 940 3389 fierent.
996 3328 1033 3389 at
1059 3328 1160 3410 poeta
1183 3322 1281 3389 huius
1305 3322 1577 3390 Titanomuchiae
1601 3321 1686 3388 deos

372 3425 472 3511 longo
495 3426 585 3492 bello
608 3425 760 3493 defessos
792 3450 829 3494 se
859 3450 899 3493 ex
929 3450 1043 3515 pugna
1072 3429 1220 3516 recipere
1250 3435 1285 3494 et
1308 3450 1369 3516 pro
1393 3427 1443 3493 ais
1466 3426 1686 3494 Centimanos

372 3537 408 3598 et
431 3537 563 3598 certare
587 3537 622 3597 at
644 3531 778 3599 vincere
800 3539 836 3599 et
858 3532 988 3599 deicere
1012 3532 1152 3600 Titanes
1175 3534 1210 3598 in
1227 3532 1409 3598 Tartarum
1431 3532 1537 3597 finxit.
1575 3553 1686 3619 neque

372 3637 479 3722 igitur
497 3636 531 3702 in
552 3636 688 3703 deorum
709 3659 780 3703 cum
798 3637 978 3704 Titanibus
998 3661 1144 3726 pugnam
1162 3637 1384 3705 enarrandam
1399 3641 1511 3725 (quam
1525 3636 1685 3705 versibus

374 3742 437 3808 617
454 3764 525 3830 sqq.
550 3741 775 3829 interpolator
805 3742 990 3829 signifieat)
1020 3765 1080 3809 nec
1109 3742 1143 3808 in
1174 3765 1295 3808 versus
1324 3745 1388 3809 687
1404 3766 1475 3830 sqq.
1499 3742 1682 3829 quadrant.

373 3847 426 3914 his
446 3853 558 3914 autem
578 3848 732 3914 versibus
748 3847 913 3932 genuinus
931 3870 1087 3914 versuum
1104 3847 1279 3914 644-663
1292 3851 1332 3931 ῥ-
1344 3848 1518 3914 713-718
1537 3869 1685 3914 conexus

373 3958 475 4039 atqua
505 3952 612 4018 totius
643 3951 850 4018 narrationis
878 3974 1080 4039 progressus
1110 3959 1178 4019 tam
1209 3952 1307 4019 foede
1336 3952 1611 4040 interrumpitur,
1642 3957 1686 4019 ut

373 4057 513 4123 eundem
537 4055 813 4143 interpolatorem
837 4078 895 4122 eos
919 4057 1098 4138 adiecisse,
1132 4079 1240 4146 aquo
1263 4056 1550 4123 Titanomachiam
1578 4056 1686 4124 inter·

374 4160 524 4248 polatam
558 4184 633 4228 esse
665 4160 821 4245 Meyerus
856 4162 997 4245 statuit,
1034 4161 1169 4228 difficile
1203 4161 1250 4228 sit
1283 4162 1428 4228 credere.
1484 4183 1601 4249 nempe
1634 4162 1686 4227 in·

373 4266 547 4353 eptissime
570 4266 695 4333 adiecti
719 4271 808 4348 suut,
833 4288 905 4332 cum
930 4266 1205 4334 Titanomachiae
1227 4289 1307 4353 pars
1330 4289 1372 4333 ne
1394 4267 1528 4354 possint
1550 4266 1686 4355 quidem

375 4394 459 4440 esse.
504 4372 586 4439 haec
615 4371 701 4437 enim
733 4374 786 4438 est
816 4370 869 4438 vis
898 4371 994 4438 verbi
1019 4375 1169 4458 χθόνιος,
1202 4394 1269 4459 qua
1292 4371 1332 4438 de
1355 4393 1392 4439 re
1414 4370 1574 4458 Meyerus
1596 4372 1686 4439 satis

375 4476 574 4564 disputavit.
621 4476 761 4543 Titanes
791 4499 865 4542 cum
894 4477 1029 4562 χθόνιοι
1059 4476 1224 4560 dicantur,
1261 4477 1322 4543 sub
1345 4482 1440 4543 terra
1462 4481 1579 4564 aperte
1602 4483 1686 4544 sunt

375 4581 563 4667 cogitandi:
598 4581 715 4669 itaque
747 4604 867 4649 versus
900 4582 1021 4670 quibus
1056 4581 1137 4650 haec
1170 4581 1263 4648 notio
1297 4582 1388 4648 inest
1418 4580 1459 4648 de
1491 4580 1559 4649 alia
1589 4581 1686 4650 Iovis

466 4828 492 4896 1)
512 4825 553 4880 Cf.
573 4826 654 4881 etiam
670 4826 768 4882 Aesch.
782 4827 857 4895 Sept.
870 4844 894 4879 r.
907 4828 940 4879 91
954 4828 996 4891 Κ,
1016 4824 1093 4879 Eum.
1107 4841 1149 4879 vv.
1162 4826 1223 4892 230,
1243 4828 1294 4880 303
1303 4827 1343 4895 (l),
1363 4825 1457 4894 Suppl.
1471 4843 1496 4879 ν.
1509 4826 1575 4892 4923
1600 4823 1686 4894 Soph.

378 4916 444 4973 Oed
464 4916 495 4971 R.
516 4918 598 4986 31213
618 4915 707 4984 Diod,
728 4919 807 4984 1351,
825 4914 873 4970 ubi
890 4914 989 4969 iterum
1008 4930 1068 4968 cum
1087 4914 1170 4970 verbo
1189 4914 1286 4986 σῴζειν
1303 4921 1364 4968 arte
1381 4920 1425 4970 est
1443 4914 1624 4969 coniunctum.
