3659 5509
1035 460 1080 525 60

405 654 537 701 carmen
569 633 720 700 fabulam
757 631 904 721 aliquam
940 631 1106 715 inserere,
1143 630 1293 698 fabulam
1328 630 1369 697 de
1402 629 1530 718 primae
1563 626 1729 696 mulieris

405 736 534 824 origine
555 737 697 805 Hesiodi
727 759 802 805 esse
832 738 906 805 veri
935 736 1017 803 mihi
1043 736 1180 804 videtur
1205 734 1411 802 simillimum
1436 756 1520 801 esse.
1556 772 1596 784 ·-
1632 754 1727 801 sano

404 841 490 909 mira
511 842 643 910 ratione
665 842 737 930 ipsa
760 841 876 910 fabula
899 864 973 909 oum
996 841 1272 909 antecedentibus
1296 841 1472 907 coniuncta
1491 843 1554 907 est.
1591 836 1727 904 Kircb·

404 945 523 1013 boffius
542 951 648 1014 totam
664 946 813 1014 fabulam
828 953 969 1035 propter
984 947 1089 1014 verba
1107 948 1214 1032 κρύψε
1230 944 1268 1012 δὲ
1282 956 1350 1030 πῦρ
1366 944 1515 1012 Hesiodo
1529 942 1724 1010 abiudicat.

402 1072 509 1139 neque
533 1073 594 1137 ego
617 1052 670 1120 his
693 1053 806 1119 verbis
829 1052 917 1119 idem
938 1050 1123 1138 significari
1144 1051 1319 1133 contendo,
1344 1049 1432 1139 quod
1447 1048 1602 1116 semibus
1618 1051 1724 1115 ante-

404 1156 599 1224 cedentibus
622 1157 811 1246 exponitur.
855 1156 949 1223 nullo
972 1157 1068 1223 modo
1092 1155 1297 1241 verbialiter
1319 1160 1354 1222 et
1376 1153 1582 1239 rependam
1607 1152 1721 1238 signi·

403 1260 498 1328 ficari
537 1268 689 1349 possunt.
745 1261 988 1329 Kirohhoffium
1021 1266 1136 1329 autem
1170 1261 1279 1326 minus
1313 1264 1469 1326 accurate
1502 1279 1639 1325 versum
1670 1257 1721 1323 49

403 1364 665 1454 interpretatum
695 1389 768 1435 esse
798 1366 957 1434 arbitror.
1002 1366 1104 1434 verbo
1127 1367 1191 1450 ἄρα
1219 1366 1282 1432 hoc
1311 1363 1383 1430 loco
1414 1361 1632 1430 concludendi
1659 1362 1720 1428 vis

402 1471 515 1538 inesse
537 1470 682 1555 videtur,
707 1479 745 1539 ut
767 1494 868 1539 versu
883 1472 927 1537 49
950 1475 1169 1561 secernantur
1192 1468 1304 1557 aliquo
1328 1468 1423 1534 modo
1446 1489 1566 1535 versus
1580 1466 1720 1533 42-48

404 1576 601 1644 ovensibus
624 1577 667 1644 50
689 1598 762 1664 sqq.
807 1576 893 1644 satis
917 1575 1098 1643 artificiose
1121 1573 1290 1641 Hesiodus
1314 1594 1352 1642 so
1375 1571 1541 1661 pervenit,
1570 1577 1609 1638 ut
1630 1570 1719 1637 Pro·

404 1680 570 1748 matheum
601 1681 663 1749 hoc
690 1681 763 1748 loco
787 1680 918 1747 omnino
942 1685 1226 1747 commemoraret.
1271 1678 1472 1745 Prometheo
1495 1675 1649 1764 quamvis
1673 1697 1720 1742 ex

404 1782 577 1872 inopinato
612 1791 865 1854 commemorato
900 1806 1001 1853 versu
1036 1785 1078 1850 49
1116 1783 1285 1852 concludit
1322 1804 1379 1850 eos
1413 1803 1550 1864 vorsus,
1588 1780 1717 1870 quibus

404 1889 586 1957 transitum
619 1890 661 1957 ad
692 1890 841 1957 fabulam
872 1889 939 1957 sibi
970 1888 1187 1977 comparavit.
1233 1888 1348 1976 itaque
1379 1886 1477 1975 quasi
1505 1886 1548 1954 de
1577 1885 1717 1972 integro

404 1993 540 2062 fabulae
562 1994 791 2062 narrationem
813 1994 961 2082 incipere
985 1993 1016 2061 ei
1038 1994 1120 2061 licet
1142 2016 1174 2061 v.
1197 1993 1252 2061 50.
1295 1994 1402 2077 κρύῦε
1424 1989 1462 2057 dl
1484 2001 1562 2077 πῦρ,
1590 1989 1715 2078 inquit

405 2096 467 2164 hoo
496 2098 603 2184 igitur
635 2099 732 2187 quasi
765 2098 1017 2166 fundamentum
1049 2098 1132 2166 iacit
1163 2097 1336 2184 sequentis
1368 2094 1591 2178 narrationis,
1628 2116 1717 2183 quae

405 2203 648 2271 antecedentes*
676 2227 795 2272 versus
838 2225 946 2292 neque
983 2202 1152 2291 explicare
1185 2207 1301 2290 potest
1336 2222 1443 2289 neque
1477 2198 1715 2287 explicationis

405 2330 508 2374 causa
530 2308 684 2391 adicitur,
717 2309 752 2376 id
775 2308 863 2397 quod
886 2307 1114 2375 Kirchboffius
1137 2329 1192 2394 pg.
1215 2307 1259 2374 45
1282 2305 1408 2373 factum
1431 2327 1506 2372 esse
1528 2303 1715 2371 contendit.

403 2411 502 2478 immo
524 2435 644 2480 versus
666 2414 796 2480 40-49
819 2413 1075 2501 explicationem
1102 2433 1144 2478 ne
1166 2410 1327 2497 flagitant
1350 2410 1499 2499 quidem,
1532 2431 1606 2476 oum
1628 2409 1715 2476 bane

405 2516 658 2604 intellegantur.
695 2519 756 2586 boc
774 2525 886 2586 autem
905 2517 1024 2603 negari
1043 2515 1169 2606 nequit,
1193 2515 1396 2583 sententiam
1412 2515 1528 2582 horum
1543 2535 1714 2598 versuum,

404 2622 435 2689 si
463 2630 603 2710 propter
626 2645 697 2691 eam
720 2629 853 2690 tantum
876 2623 1008 2690 inventi
1031 2627 1162 2704 essent,
1194 2620 1303 2686 minus
1330 2618 1611 2687 accommodatam
1639 2640 1715 2686 esse

404 2727 561 2794 carminis
591 2728 673 2795 loco.
719 2729 835 2816 itaque
860 2726 994 2794 defendi
1016 2726 1156 2807 debent,
1190 2748 1256 2792 non
1279 2724 1433 2791 excusari
1455 2723 1511 2791 vel
1541 2722 1713 2811 explicari.

405 2830 629 2899 defenduntur
653 2837 766 2899 autem
788 2832 984 2899 narratione
1008 2831 1049 2897 da
1070 2829 1269 2898 Prometheo
1301 2836 1335 2897 et
1361 2829 1470 2917 prima
1491 2826 1633 2895 muliere
1655 2827 1713 2895 ad·

405 2935 509 3017 iecta,
541 2958 608 3023 qua
629 2936 723 3004 Iovis
747 2936 979 3004 malivolentia
1008 2936 1043 3001 in
1066 2934 1216 3001 homines
1240 2935 1428 3022 exponitur.
1463 2972 1505 2982 -
1539 2954 1578 2999 eo
1600 2938 1713 2999 autem

404 3040 516 3108 tendit
545 3042 713 3124 narratio,
752 3047 792 3108 ut
818 3040 940 3108 Perses
973 3041 1013 3108 de
1045 3040 1118 3107 vita
1150 3041 1294 3106 humana
1326 3038 1502 3126 deperdita
1533 3036 1713 3106 edoceatur

405 3149 507 3234 atque
530 3145 591 3213 boo
612 3146 709 3213 modo
732 3146 774 3213 ad
797 3145 1018 3213 laborandum
1040 3144 1211 3212 incitetur.

490 3249 640 3317 Fabulae
663 3250 927 3317 coniunctionem
950 3249 1036 3316 satis
1060 3249 1178 3314 miram
1200 3270 1275 3315 esse
1291 3247 1443 3314 concedo.
1483 3246 1543 3313 sed
1559 3247 1710 3314 omnibns

402 3354 455 3422 bis
479 3354 687 3441 argumentis
710 3376 796 3444 quae
818 3354 944 3441 partim
966 3354 1001 3420 in
1024 3354 1099 3441 ipsa
1121 3352 1327 3435 narratione,
1351 3352 1475 3439 partim
1498 3351 1534 3417 in
1555 3351 1710 3419 versibus

402 3459 552 3528 fabulam
574 3459 848 3527 antecedentibus
870 3464 1006 3526 exstare
1025 3458 1106 3524 mihi
1120 3457 1289 3540 videntur,
1313 3478 1352 3523 eo
1368 3455 1531 3543 impellor,
1555 3460 1594 3522 ut
1609 3455 1711 3523 etiam

403 3563 489 3631 hanc
512 3564 657 3651 Operum
678 3570 811 3652 partam
833 3562 975 3630 Hesiodi
998 3584 1072 3630 esse
1095 3584 1257 3630 censeam.

490 3667 566 3736 Non
588 3668 697 3755 igitur
713 3690 832 3736 versus
846 3669 890 3734 49
913 3666 956 3736 ad
975 3689 1095 3735 versus
1110 3667 1153 3733 95
1176 3665 1360 3753 exemplum
1383 3669 1437 3731 ast
1459 3664 1627 3746 inventus,
1652 3662 1712 3730 scd

405 3774 589 3841 versasse
618 3781 736 3841 auctor
758 3772 943 3840 Hesiodum
971 3771 1125 3838 imitatus
1157 3778 1218 3838 est.
1265 3793 1332 3858 qua
1354 3768 1495 3835 Hesiodi
1522 3767 1712 3835 imitatione

404 3877 630 3965 interpolator
651 3878 877 3945 narrationem
900 3899 1000 3964 quam
1030 3874 1174 3942 inseruit
1203 3874 1305 3941 etiam
1334 3873 1454 3940 melius
1478 3878 1580 3959 atque
1602 3872 1711 3940 artius

406 4004 479 4049 aum
501 3981 640 4049 Hesiodi
669 3982 864 4049 narratione
891 3981 1093 4066 coniungere
1115 3978 1257 4047 studuit.
1304 3979 1353 4045 sic
1375 3976 1490 4045 evenit
1512 3982 1551 4043 ut
1573 3976 1711 4043 verbum

405 4086 562 4153 ἐσκέδασε
584 4085 713 4154 obiecto
735 4086 835 4173 plane
858 4089 984 4151 careat.

491 4191 606 4259 Etiam
636 4190 867 4278 insequentem
901 4189 942 4255 de
973 4189 1141 4255 hominum
1175 4186 1347 4255 aetatibus
1381 4184 1531 4252 fabulam
1563 4182 1712 4251 Hesiodo

406 4294 615 4364 abiudicavit
639 4293 881 4373 Kirchhoffius,
921 4294 978 4381 qni
1010 4294 1081 4379 ipse
1115 4293 1157 4359 ab
1190 4290 1304 4359 eodem
1332 4289 1499 4378 Operibus
1534 4310 1607 4356 eam
1638 4310 1712 4356 asse

405 4401 568 4468 insertam
601 4399 792 4487 suspicatus
826 4404 896 4478 est,
936 4421 955 4465 a
989 4419 1054 4484 quo
1087 4396 1181 4483 prior
1215 4394 1409 4462 ‘Pandoraa'
1445 4392 1572 4460 fabula.
1632 4392 1714 4460 baec

406 4505 493 4574 anim
537 4504 654 4572 fabula
700 4507 818 4591 aparte
863 4501 1005 4570 alteram
1051 4500 1206 4567 miseriae
1250 4499 1414 4565 humanae
1460 4495 1714 4583 explicationem

406 4608 508 4676 affert
517 4606 551 4694 ¹),
585 4615 687 4696 atque
719 4607 819 4696 primi
851 4606 968 4674 statim
1001 4627 1119 4672 versus
1149 4603 1277 4687 (106s7)
1309 4602 1448 4669 eundem
1477 4605 1570 4669 certe
1601 4607 1713 4668 aucto·

406 4733 476 4779 rem
515 4712 705 4797 significare
739 4711 906 4779 videntur.
965 4731 1039 4776 oum
1073 4713 1185 4774 autem
1218 4705 1377 4790 fabulam,
1412 4727 1498 4793 quae
1532 4703 1712 4786 antecedit,

500 4943 528 5011 1)
547 4938 588 4996 cf.
600 4939 721 5008 Orosius,
734 4939 839 4994 literar.
850 4936 1027 4994 corumblatt
1039 4938 1164 5008 ¹⁸9⁰1ui
1176 4933 1376 5004 Peppmueller‚
1390 4930 1522 4988 Flecksis
1533 4929 1624 4986 annal.
1639 4932 1712 4986 1890.
