3659 5509
1042 420 1066 492 4

403 621 543 691 quornm
565 597 610 669 ad
632 599 836 667 sententiam
851 620 955 688 prope
970 599 1115 667 amesit
1127 599 1320 689 Lennepius
1337 600 1402 684 (ed
1419 622 1449 667 a
1464 601 1573 686 1847).
1605 621 1719 688 neque
1818 609 1819 652 ³

403 706 491 774 enim
514 707 556 774 de
571 711 708 773 aucwre
720 703 865 793 Operum
881 704 1064 771 dubitavit.
1095 704 1194 772 immo
1216 705 1324 793 ipsius
1343 704 1484 772 Hesiodi
1506 706 1717 796 prooemium

402 833 478 880 esse
500 818 592 880 recte
614 810 792 894 iudicavit,
805 832 1004 898 quamquam
1017 831 1104 898 quae
1121 816 1200 877 arta
1214 811 1519 899 interprooemium
1542 815 1578 878 et
1599 811 1716 899 ipsum

402 939 536 985 carmen
576 915 769 984 intercedat
809 915 899 982 ratio
940 915 1050 981 minus
1089 916 1263 1003 perspexit
1333 916 1369 983 id
1410 915 1499 982 enim
1539 915 1715 1003 prooemio

401 1022 489 1090 effici
511 1021 604 1104 dicit,
633 1027 674 1087 ut
701 1021 863 1086 ‘invocatis
885 1021 997 1087 Music
1026 1041 1065 1087 ac
1095 1022 1175 1088 Jare
1206 1023 1309 1087 maior
1340 1022 1426 1104 apuud
1456 1023 1621 1088 audientes
1651 1024 1715 1102 fiat

399 1127 558 1194 recitandi
588 1127 742 1193 carminis
774 1126 964 1206 mumoniae,
998 1126 1127 1208 ipsoque
1161 1126 1218 1191 tec
1250 1127 1379 1192 ceordic
1408 1126 1622 1208 praeludatur
1656 1127 1713 1207 iis,

397 1254 478 1318 puae
507 1253 634 1298 carmen
663 1233 767 1314 ursum
795 1232 919 1312 param
944 1231 1147 1312 producam
1177 1232 1222 1296 sit
1251 1232 1290 1296 de
1315 1232 1534 1314 pdentiasinw
1565 1231 1712 1297 Deorum

401 1340 476 1406 Iane
503 1339 669 1403 ‘iustitiam
698 1337 734 1401 in
761 1340 858 1401 terres
879 1336 1062 1401 vindicante
1081 1335 1235 1401 adanae
1256 1357 1344 1420 repes
1373 1338 1507 1402 iniustos
1528 1337 1715 1420 βριάοπας

400 1449 431 1509 et
452 1441 638 1527 ἀγήνορας]
694 1444 842 1507 ceterum
873 1446 908 1505 et
930 1438 1157 1526 Theogoniam
1187 1446 1224 1506 et
1246 1439 1360 1528 Opera
1389 1441 1433 1508 ab
1456 1441 1605 1509 Hesiodo
1634 1463 1714 1508 esse

399 1547 541 1615 inventa
562 1552 599 1613 et
620 1544 806 1632 composita
828 1550 953 1622 censet,
977 1566 1062 1631 quae
1085 1545 1239 1632 quamvis
1262 1545 1584 1632 interpolationibus
1608 1553 1713 1613 aucta

401 1653 473 1721 sint
493 1652 528 1717 in
550 1649 745 1717 universum
760 1649 862 1716 etiam
877 1648 977 1715 hodie
999 1648 1034 1714 in
1050 1650 1197 1734 genuina
1219 1649 1328 1717 forma
1344 1650 1473 1718 tradita
1489 1651 1568 1718 sint
1592 1650 1712 1738 itaque

400 1765 438 1826 et
459 1780 480 1824 a
503 1755 610 1824 variis
625 1754 840 1840 Theogoniae
863 1753 1112 1821 recensionibus
1136 1760 1172 1820 et
1194 1755 1336 1823 averiis
1353 1763 1388 1822 et
1403 1755 1549 1823 diversis
1562 1755 1713 1843 Operum

402 1861 559 1952 partibus
588 1860 645 1928 vel
667 1859 870 1927 carminibus
893 1865 1013 1947 postea
1042 1859 1078 1925 in
1101 1881 1202 1925 unum
1225 1882 1346 1948 corpus
1369 1860 1556 1928 coniunctis
1579 1861 1714 1947 pariter

401 1968 571 2036 abhorret.
627 1988 711 2054 quoa
749 1986 862 2031 omnes
899 1964 1033 2032 adiuvit
1069 1963 1236 2032 Steitzius
1273 1965 1353 2048 (‘die
1380 1966 1494 2033 werke
1524 1966 1593 2032 und
1626 1973 1712 2051 tage

402 2073 462 2141 des
486 2070 655 2139 Hesiodus
678 2069 763 2136 nach
786 2068 879 2136 ihrer
901 2068 1121 2157 composition
1144 2071 1283 2157 geprfift
1303 2070 1372 2137 und
1395 2070 1536 2138 erkliirt'
1569 2070 1712 2159 Lipsiae

401 2177 510 2262 1869),
520 2176 578 2265 qui
593 2174 838 2242 sententiarum
851 2180 887 2240 et
898 2196 1056 2241 conexum
1069 2180 1105 2240 et
1115 2196 1331 2262 progressum
1343 2176 1378 2241 in
1391 2175 1558 2263 Operibus
1572 2182 1711 2244 exstare

402 2281 536 2350 studuit
557 2279 783 2368 comprobare.
821 2285 894 2346 tres
910 2278 1084 2346 contendit
1099 2301 1174 2346 esse
1190 2280 1347 2347 carminis
1362 2289 1489 2368 partes,
1505 2304 1590 2370 quae
1612 2281 1711 2370 ipsae

401 2388 437 2454 in
461 2385 593 2474 aliquot
614 2383 802 2473 particulas
825 2383 933 2450 dividi
949 2385 1092 2471 possint.
1136 2385 1354 2471 prooemium,
1378 2386 1627 2473 mythologicae
1658 2386 1711 2452 fa-

403 2491 512 2573 bulae,
541 2511 662 2557 versus
694 2489 816 2577 quibus
846 2488 887 2555 de
910 2488 1052 2555 Hesiodi
1082 2488 1212 2556 familia
1244 2490 1423 2578 exponitur
1451 2490 1711 2579 interpolatoris

398 2602 489 2679 sunt,
522 2617 606 2684 quas
629 2593 673 2661 ad
695 2599 814 2682 partes
836 2592 1061 2681 interpolatas
1085 2592 1188 2660 etiam
1212 2593 1299 2661 aliae
1314 2595 1487 2662 accedunt
1503 2635 1546 2645 -
1561 2599 1637 2663 tota
1652 2618 1710 2663 res

398 2708 511 2769 auum
534 2722 668 2767 rursum
697 2699 732 2764 in
756 2697 1002 2764 dubitationem
1024 2704 1146 2765 vocata
1169 2705 1223 2765 est
1245 2722 1266 2766 a
1288 2698 1509 2783 Kirchhoffio,
1540 2701 1597 2789 qni
1620 2700 1710 2767 libro

400 2828 462 2873 suo
485 2805 538 2873 cni
559 2803 736 2892 inscripsit
759 2802 828 2869 ‘des
844 2802 1022 2869 Hesiodos'
1037 2802 1244 2870 mahnlieder
1260 2826 1302 2871 an
1318 2803 1451 2873 Perses’
1468 2805 1592 2890 (Berol.
1611 2806 1710 2893 1889)

400 2909 500 3000 plane
522 2932 643 2978 novam
665 2909 706 2976 de
723 2906 890 2996 Operibus
914 2907 1118 2974 sententiam
1134 2908 1288 2996 protulit.
1320 2932 1438 2998 nempe
1454 2911 1551 2977 varia
1565 2910 1709 2978 Hesiodi

399 3014 557 3097 earmina,
587 3036 673 3104 quae
696 3012 841 3079 alterum
867 3018 948 3100 post
969 3011 1115 3079 alterum
1138 3013 1230 3080 facta
1253 3014 1331 3097 sint,
1357 3015 1401 3081 ad
1415 3014 1543 3083 Persen
1564 3015 1708 3083 fratrem

399 3127 435 3191 et
458 3121 575 3208 ‘reges’
592 3118 742 3187 vicissim
765 3118 956 3205 spectantia
971 3117 1013 3184 ab
1036 3117 1111 3205 ipso
1128 3117 1278 3185 Hesiodo
1300 3119 1335 3186 in
1357 3142 1459 3186 unum
1482 3143 1604 3209 corpus
1632 3142 1709 3187 con·

397 3227 514 3294 iuncta
541 3246 615 3293 esse
638 3222 828 3306 contendit,
864 3221 918 3289 cui
941 3222 1103 3288 communi
1127 3222 1278 3290 omnibus
1300 3224 1469 3311 prooemio
1492 3225 1708 3313 praeluserit.

397 3330 460 3399 hoc
483 3329 666 3398 carminum
681 3350 800 3417 corpus
815 3348 895 3394 vere
911 3325 1115 3393 Hesiodeum
1129 3333 1249 3414 postea
1264 3328 1371 3396 variis
1387 3329 1707 3417 interpolationibus

398 3435 540 3505 adiectis
558 3440 692 3502 anctum
713 3455 787 3501 esse
807 3431 982 3499 contendit
1003 3432 1182 3519 praecipue
1205 3432 1332 3499 fabulis
1354 3434 1603 3521 mythologicis,
1627 3457 1706 3523 qua·

399 3564 473 3610 rum
496 3540 652 3629 priorem,
683 3561 729 3606 sc.
760 3538 801 3605 de
823 3536 933 3625 prima
955 3535 1106 3619 muliere,
1137 3536 1181 3603 ad
1204 3537 1420 3625 Theogoniae
1443 3540 1629 3628 exemplum
1658 3540 1707 3605 in·

401 3652 537 3714 ventam
568 3666 642 3713 esse
665 3649 788 3712 censet.
835 3641 876 3709 de
899 3641 1050 3709 Hesiodo
1076 3642 1184 3728 igitur
1207 3641 1354 3730 Operum
1385 3651 1524 3712 auctore
1552 3666 1617 3710 non
1648 3644 1705 3711 du·

400 3751 546 3819 bitatur.·
587 3749 765 3817 dubitatur
788 3754 900 3815 autem
924 3746 965 3814 de
988 3746 1061 3835 ipso
1085 3747 1241 3831 carmine,
1258 3753 1371 3814 utrum
1389 3770 1490 3815 unum
1514 3749 1561 3816 sit
1583 3755 1619 3816 et
1633 3770 1708 3815 con·

397 3856 539 3939 tinuum,
570 3878 613 3922 an
641 3854 747 3921 variis
779 3851 984 3921 carminibus
1013 3852 1241 3940 compositum.
1287 3875 1386 3941 quam
1409 3853 1453 3921 ad
1476 3853 1705 3942 quaestionem

398 3958 645 4029 diiudicandum
669 3958 742 4046 ipse
757 3956 988 4024 Kirchhoffius
1010 3962 1243 4042 argumentum
1268 3963 1303 4023 et
1325 3957 1361 4024 id
1379 3959 1617 4045 gravissimum
1640 3959 1705 4026 iam

399 4064 521 4135 attulit
542 4063 666 4131 iudicio
682 4062 771 4152 qnod
794 4062 835 4129 de
857 4061 1026 4149 prooemio
1049 4061 1141 4128 tulit.
1175 4063 1380 4150 prooemium
1396 4065 1492 4149 enim,
1506 4086 1706 4154 quamquam

398 4171 478 4240 inde
501 4170 544 4239 ab
567 4168 770 4238 Aristarcho
793 4167 945 4234 omnibus
968 4166 1040 4234 fere
1064 4165 1222 4234 carminis
1245 4167 1490 4257 interpretibus
1520 4193 1585 4237 non
1608 4169 1705 4236 modo

397 4281 599 4365 suspectum,
614 4273 674 4343 sed
690 4274 791 4343 etiam
806 4271 1048 4359 interpolatum
1064 4271 1216 4359 maleque
1235 4272 1409 4341 inventum
1424 4296 1499 4342 esse
1514 4274 1704 4357 videbatur,

398 4380 629 4449 Kirchhoffius
657 4380 765 4468 ipsius
786 4377 928 4445 Hesiodi
958 4397 1032 4444 esse
1055 4377 1224 4462 cognovit.
1269 4400 1369 4466 quam
1396 4378 1602 4446 Kirchhoffii
1632 4402 1705 4447 sen·

398 4487 542 4555 tentiam
576 4485 721 4553 nondum
749 4506 811 4572 pro
841 4487 934 4550 certa
962 4480 1130 4569 prolatam
1158 4481 1210 4549 ita
1233 4484 1463 4571 comprobavit
1484 4483 1522 4551 F.
1546 4484 1615 4552 Leo
1638 4484 1704 4554 He·

399 4590 524 4658 siodeis
558 4589 668 4674 (Gott.
699 4589 808 4675 1894),
838 4592 879 4655 ut
905 4587 946 4655 de
977 4586 1041 4654 hae
1069 4608 1108 4653 re
1132 4586 1289 4654 dubitare
1312 4590 1435 4655 nemini
1466 4589 1531 4657 iam
1560 4589 1704 4677 liceat1).

400 4695 521 4764 deinde
552 4718 617 4786 quo
640 4694 812 4763 artissimo
835 4690 969 4760 vinculo
993 4714 1066 4758 curn
1088 4697 1162 4759 toto
1186 4691 1332 4761 carmine
1356 4693 1403 4761 sit
1419 4694 1631 4761 coniunctum
1653 4695 1705 4762 de·

489 4838 516 4908 1)
536 4836 673 4893 Bacchius
692 4834 746 4908 (ed
759 4851 784 4891 a.
800 4835 881 4906 1909)
899 4836 980 4889 *1-9
997 4831 1130 4903 rhapsodi
1150 4832 1291 4888 cuiusdam
1304 4835 1480 4904 prooemium’
1493 4835 1613 4890 Leonem
1625 4835 1706 4905 plane

396 4926 549 4997 amimam.
572 4942 633 4984 cum
645 4932 737 4983 antem
748 4925 810 4983 aliis
824 4939 933 4995 qnoque
949 4923 1017 4980 locis
1036 4920 1110 4993 quod
1122 4922 1179 4979 Leo
1200 4924 1390 4994 conprobavit
1411 4925 1520 4981 silendo
1538 4930 1704 4998 praetereat,
