3659 5509
763 457 807 524 45

105 653 264 700 uxorem
287 634 420 716 habeat,
445 654 576 720 semper
597 631 744 698 feliciter
766 631 882 698 vivere
904 630 1030 697 licebit.
1077 630 1107 697 si
1130 629 1217 697 enim
1239 631 1302 698 filii
1325 633 1356 700 ei
1379 633 1437 701 im·

107 739 225 824 probi
251 746 362 819 erunt,
385 760 491 826 usque
514 738 556 804 ad
572 742 712 803 mortem
735 757 887 802 maerore
910 739 1104 802 conteretur
1126 757 1233 823 neque
1256 737 1355 805 facile
1378 740 1439 806 hoc

109 843 369 929 gravissimum
391 842 513 910 malurn
537 841 635 908 feret.
670 840 719 907 sic
741 840 866 927 optime
888 846 990 927 poeta
1012 863 1078 928 qua
1101 838 1142 907 de
1164 863 1266 908 causa
1282 843 1438 911 mulieres

111 947 212 1014 viris
240 970 372 1035 semper
394 947 482 1014 malo
512 947 582 1013 sint
611 945 749 1033 exponit
778 951 880 1033 atque
903 945 1070 1033 optimea
1098 944 1192 1011 nullo
1217 946 1290 1013 viro
1313 948 1438 1016 evitari

111 1073 231 1140 posse
255 1051 317 1119 hoc
333 1052 455 1119 malum
479 1051 625 1139 exponit.
655 1050 763 1116 totius
786 1049 851 1115 loci
875 1050 1078 1116 sententiam
1100 1049 1244 1117 mimimo
1265 1055 1439 1140 perspexit

113 1154 409 1245 Peppmnellerus
441 1156 644 1241 (‘Hesiodos,
673 1155 727 1220 ins
752 1154 912 1221 deutsche
944 1155 1157 1240 iibertragen'
1187 1177 1218 1242 p.
1241 1149 1295 1238 62,
1319 1158 1383 1225 126
1405 1183 1437 1226 v.

115 1261 217 1344 602).
262 1261 477 1350 nequeenim
500 1261 657 1347 Iuppiter
680 1282 753 1325 cum
775 1258 863 1326 malo
886 1259 1007 1325 bonum
1030 1259 1167 1347 aliquod
1183 1260 1364 1341 coniunxit,
1380 1264 1439 1331 sed

118 1364 252 1452 ἕτερον
281 1369 384 1451 πόρεν
412 1367 516 1432 κακόν
538 1369 582 1450 (v.
607 1364 693 1450 602).
740 1364 822 1429 haee
845 1363 994 1430 dilucida
1016 1370 1119 1450 atque
1149 1365 1304 1433 consulta
1327 1366 1439 1454 dispu-

116 1470 220 1537 tatio
244 1470 343 1537 valde
371 1470 531 1537 abhorret
555 1470 596 1536 ab
619 1468 875 1555 interpolatoris
905 1467 999 1534 illius
1021 1468 1226 1552 narratione,
1258 1472 1315 1558 qui
1342 1493 1440 1559 quem

116 1574 263 1642 imitari
286 1579 428 1643 conatus
451 1580 506 1641 est
527 1597 568 1641 ne
600 1573 771 1640 intellexit
792 1573 936 1661 quidem.
975 1595 1082 1661 neque
1106 1597 1178 1640 cum
1200 1574 1317 1642 fabula
1339 1583 1441 1644 antea

118 1685 276 1748 narrata
297 1680 333 1747 bi
354 1702 475 1747 versus
499 1679 586 1747 satis
608 1684 739 1746 coeunt.
782 1678 830 1744 sic
853 1677 940 1744 enim
963 1682 1097 1745 tantum
1118 1678 1374 1765 intelleguntur,
1411 1682 1440 1749 si

121 1791 239 1852 antea
261 1785 403 1872 primum
428 1790 545 1873 aperte
569 1783 610 1850 de
633 1784 740 1870 prima
762 1782 902 1850 muliere
926 1782 1073 1850 creanda
1094 1784 1148 1850 vol
1172 1790 1288 1851 creata
1306 1791 1440 1871 agatur,

123 1890 259 1958 deinde
290 1890 320 1957 si
344 1890 404 1957 hoc
427 1912 557 1978 quoque
580 1890 705 1956 dictum
739 1889 794 1971 sit,
826 1911 973 1955 omnes
996 1889 1089 1955 viros
1122 1889 1183 1956 hoc
1205 1890 1293 1957 malo
1317 1913 1337 1957 a
1358 1891 1440 1961 Iove

123 1995 238 2062 affici.
285 2018 383 2082 quam
406 2002 583 2083 utramque
606 2016 675 2060 rem
698 1992 924 2080 interpolator
950 1993 1093 2059 mimimo
1117 1996 1281 2081 exposuit.
1325 1995 1442 2084 itaque

124 2099 208 2167 fieri
232 2122 298 2166 non
320 2099 473 2186 potuisse
496 2098 722 2165 concludimus
745 2104 784 2164 ut
806 2095 1021 2184 Theogoniae
1042 2098 1268 2185 interpolator
1289 2100 1362 2187 ipse
1381 2101 1441 2169 bos

126 2226 258 2272 versus
280 2203 459 2287 invenerit,
478 2204 535 2291 qui
559 2225 631 2268 cum
656 2202 943 2285 antecedentibus,
960 2225 1044 2290 quos
1065 2203 1139 2290 ipse
1162 2203 1265 2270 alium
1288 2204 1442 2273 imitatus

127 2308 333 2396 composuit,
358 2307 515 2392 coniungi
538 2330 604 2373 non
625 2313 780 2394 possunt.
825 2306 913 2393 quod
943 2307 1053 2392 igitur
1083 2307 1124 2375 de
1147 2308 1200 2375 his
1223 2310 1378 2377 versibus
1406 2311 1443 2394 in

127 2412 363 2498 Theogoniam
387 2412 604 2499 interpolatis
628 2411 786 2477 iudicium
809 2411 982 2477 t'eremus?
1014 2434 1122 2499 neque
1143 2412 1231 2479 enim
1251 2413 1314 2480 hoo
1337 2414 1441 2481 addu-

127 2517 249 2584 bitare
272 2517 362 2598 licet,
387 2517 467 2605 quin
490 2522 525 2583 et
547 2516 613 2603 ipsi
636 2516 707 2581 sint
729 2515 937 2602 interpolati,
962 2539 1036 2582 cum
1050 2515 1220 2584 Hesiodus
1236 2518 1384 2586 fabulam
1400 2520 1441 2588 de

126 2622 264 2709 primas
286 2619 437 2688 mulieris
462 2621 591 2705 origine
615 2620 648 2685 in
673 2619 868 2706 Theogonis
891 2626 983 2688 certe
1006 2642 1071 2687 non
1086 2623 1292 2690 narraverit.
1316 2624 1440 2712 duplici

129 2726 233 2794 modo
262 2724 336 2791 fieri
369 2725 521 2813 potuisse
552 2725 653 2808 dices,
684 2732 723 2789 ut
746 2723 780 2790 hi
802 2746 923 2791 versus
945 2724 1159 2811 Theogoniae
1184 2728 1441 2815 interpolationi

129 2831 360 2898 adicerentur.
406 2836 467 2898 aut
488 2836 566 2917 post
589 2829 735 2916 priorem
757 2830 1044 2917 interpolatorem,
1067 2853 1165 2919 quem
1183 2855 1248 2898 non
1272 2834 1357 2900 satis
1373 2857 1443 2900 mu·

129 2936 210 3003 neri
233 2956 348 3022 parem
378 2935 485 3002 fuisse
514 2934 752 3015 intelleximus,
784 2934 873 3001 alter
897 2935 1043 3014 exstitit,
1071 2935 1124 3002 vir
1147 2958 1226 3003 vere
1248 2944 1359 3024 poeta,
1383 2941 1441 3027 qui

131 3040 368 3107 narrationem
392 3039 478 3106 male
508 3038 698 3106 inchoatam
723 3038 858 3126 optimis
883 3040 1039 3106 versibus
1063 3039 1204 3108 adiectis
1228 3043 1440 3115 concluserit.

133 3151 199 3212 aut
229 3144 317 3211 idem
340 3143 554 3229 Theogoniae
583 3141 819 3230 interpolator,
849 3149 1029 3231 postquam
1052 3144 1304 3212 antecedentem
1325 3169 1442 3216 narra·

132 3250 263 3317 tionem
286 3249 481 3336 composuit,
505 3248 565 3314 hos
588 3269 708 3315 versus
731 3247 799 3314 alio
822 3270 840 3314 e
864 3249 1010 3315 carmine
1035 3255 1185 3337 sumptos
1209 3250 1282 3338 ipse
1305 3252 1439 3339 adiecit,

132 3354 262 3422 iterum
293 3374 390 3441 quam
411 3374 517 3440 parva
550 3352 737 3419 coniunctio
762 3359 914 3420 exstaret
937 3353 1027 3420 inter
1050 3375 1144 3421 suam
1166 3354 1273 3442 ipsius
1295 3360 1442 3426 narrati·

134 3481 233 3526 onem
263 3464 299 3525 et
326 3458 387 3524 hos
418 3480 538 3525 versus
566 3457 760 3543 neglegens.
814 3457 956 3525 tertium
984 3481 1050 3525 non
1082 3459 1192 3526 datur.
1238 3469 1276 3528 at
1298 3462 1442 3530 alterum

135 3564 242 3631 etiam
265 3563 541 3650 interpolatorem
565 3561 779 3647 Theogoniae
809 3562 871 3629 hoc
900 3563 974 3629 loco
998 3563 1172 3631 exstitisse
1194 3565 1267 3632 veri
1290 3589 1355 3633 non
1389 3575 1443 3635 est

136 3668 258 3736 simile.
296 3688 357 3735 nee
379 3668 491 3754 potuit
513 3665 646 3754 quidem
670 3666 758 3733 alius
781 3665 904 3754 aliquis
928 3668 1155 3734 narrationem
1178 3669 1250 3736 sine
1273 3670 1345 3737 ulla
1367 3679 1442 3742 arte

138 3771 325 3839 confectam
354 3771 481 3839 talibus
511 3771 667 3838 versibus
691 3771 897 3851 concludere,
929 3793 1069 3859 quorum
1091 3773 1261 3840 sententia
1287 3774 1375 3842 tales
1398 3779 1442 3845 ad

136 3898 192 3945 rea
216 3882 359 3964 spectat,
383 3875 500 3964 quales
523 3875 799 3943 antecedentibus
823 3877 997 3963 expositae
1019 3898 1084 3943 non
1106 3883 1194 3944 sunt.
1233 3878 1320 3946 idem
1335 3880 1443 3967 igitur

137 3979 374 4068 interpolator,
398 3980 456 4068 qui
480 4003 597 4046 versus
613 3980 787 4047 570-589
803 4002 863 4068 pro
880 3981 1011 4048 viribus
1027 3980 1099 4049 suia
1116 3985 1311 4071 composuit,
1339 3986 1441 4053 etiam

138 4109 192 4153 vv.
216 4085 391 4153 nso-612
425 4084 559 4165 adiecit,
595 4107 678 4173 quos
713 4107 794 4152 sane
827 4085 900 4173 ipsc
933 4109 999 4152 non
1034 4087 1174 4169 invenit,
1210 4088 1269 4156 sed
1305 4089 1441 4159 aliunde

142 4190 296 4278 sumpsit.
358 4189 446 4257 unde
476 4188 611 4258 autern?
644 4211 753 4258 nonne
783 4212 867 4272 eum,
898 4190 957 4277 qui
990 4191 1265 4260 antecedentibus
1297 4192 1442 4282 Operum

138 4295 368 4362 narrationem
383 4295 539 4362 imitatus
555 4300 618 4377 est,
635 4316 677 4361 ex
692 4294 859 4382 Operibus
882 4318 1013 4384 quoque
1036 4296 1097 4364 hos
1115 4318 1234 4364 versus
1258 4298 1442 4386 sumpsisse

137 4400 210 4468 veri
232 4402 287 4468 est
309 4399 538 4466 simillimum?
582 4400 642 4465 sed
665 4399 753 4487 quod
776 4406 829 4466 est
851 4400 925 4467 veri
948 4401 1066 4485 simile,
1098 4423 1214 4469 verum
1237 4401 1285 4468 sit
1305 4424 1442 4472 necesse

137 4526 202 4571 non
226 4510 289 4571 est.
334 4503 436 4571 ctiam
460 4504 674 4591 comprobare
697 4503 758 4570 hoc
780 4526 881 4592 posse
903 4505 984 4571 mihi
1007 4505 1133 4573 videor.
1178 4506 1332 4575 conferas
1355 4507 1442 4577 enim

137 4629 261 4697 quaeso
286 4606 431 4696 Operum
462 4608 611 4676 fabulam
642 4613 823 4692 vetustam,
856 4632 956 4698 quam
979 4610 1085 4676 solam
1111 4611 1207 4678 novit
1229 4611 1442 4698 Theogonice

136 4711 372 4800 interpolator.
418 4711 536 4780 statim
559 4713 593 4779 in
616 4713 752 4781 fabulae
780 4713 878 4779 initio
901 4721 938 4781 et
960 4714 1132 4781 mulierem
1155 4722 1345 4784 creaturum
1368 4741 1442 4787 esse

136 4815 251 4885 Iovem
283 4816 453 4884 indicatur
476 4823 512 4884 et
540 4818 628 4885 tales
656 4824 845 4886 creaturum
874 4840 949 4885 esse
972 4817 1129 4887 mulieres
1152 4820 1268 4909 quales
1291 4823 1442 4890 omnibns

136 4921 220 4990 viris
243 4921 397 5008 quamvis
420 4928 578 4989 nocentes
601 4922 761 4991 amabiles
786 4923 922 4990 futurae
946 4923 1025 4990 sint.
1054 4923 1120 5010 (vv.
1144 4925 1246 5012 5718).
1283 4926 1371 5013 quod
1393 4927 1442 4995 fa·
