3659 5509
1022 437 1065 503 58

391 608 435 675 ad
470 609 558 676 hunc
594 631 728 677 versum
765 609 873 698 ipsum
912 608 1071 677 carminis
1109 613 1342 696 argumentum
1379 614 1564 677 tractatum
1597 614 1704 677 esset.

390 713 489 780 immo
517 715 590 801 ipse
619 721 720 801 poeta
751 737 787 781 se
817 737 877 803 per
906 714 1064 782 maiorem
1090 715 1247 781 carminis
1277 721 1408 801 partem
1442 715 1511 782 alia
1533 720 1704 783 tractasse

392 825 493 906 atque
522 819 597 906 ipsa
626 818 783 886 carminis
808 825 1008 905 argumenta
1038 820 1152 886 verbis
1175 829 1239 886 νῦν
1262 819 1299 885 δὲ
1332 819 1526 904 significare
1554 819 1703 886 videtur.

391 924 434 991 ad
464 946 504 990 es
533 924 640 1011 igitur
670 922 722 990 his
750 924 863 990 verbis
893 947 930 991 ae
955 930 1103 991 revocat.
1147 930 1217 990 tam
1240 923 1421 990 manifesta
1445 946 1500 991 res
1522 924 1603 990 mibi
1625 945 1703 991 esse

392 1029 542 1110 videtur,
581 1033 636 1109 ut,
675 1030 704 1094 si
737 1051 777 1095 ea
810 1033 943 1096 tantum
974 1029 1192 1096 traderentur
1225 1051 1311 1116 quae
1341 1029 1409 1095 viri
1439 1028 1530 1095 docti
1559 1026 1704 1094 Hesiodi

392 1156 466 1201 esse
499 1133 719 1215 contendunt,
756 1156 795 1200 ex
824 1133 878 1200 his
911 1135 1026 1201 verbis
1060 1135 1212 1201 lacunam
1246 1133 1331 1200 satis
1363 1154 1516 1218 magnam
1548 1138 1702 1200 statuere

391 1237 544 1324 equidem
567 1260 631 1304 non
656 1238 853 1314 dubitarem,
880 1262 946 1327 qua
969 1238 1055 1306 alias
1078 1262 1132 1306 res
1155 1239 1324 1305 Hesiodus
1348 1243 1544 1305 tractasset.
1581 1236 1702 1302 Hesio·

391 1341 453 1408 dus
484 1342 590 1428 igitur
617 1344 733 1410 fabula
761 1344 934 1432 accipitris
966 1345 1044 1412 aliis
1076 1348 1177 1413 rebus
1207 1347 1339 1413 interea
1367 1344 1527 1411 tractatis
1550 1349 1702 1410 tenorem

392 1447 547 1514 carminis
577 1448 621 1515 ad
649 1448 758 1536 ipsum
787 1451 949 1536 prooemii
979 1459 1211 1536 argumentum
1235 1472 1394 1517 revocare
1418 1448 1597 1534 significat.
1643 1446 1700 1513 de·

390 1550 477 1634 inde,
501 1552 530 1618 si
554 1574 672 1620 versus
686 1554 730 1619 49
753 1577 854 1620 versu
869 1555 932 1621 201
950 1555 1125 1642 excipitur,
1150 1556 1185 1620 in
1202 1577 1359 1622 versuum
1373 1554 1504 1620 ‹eo-49
1528 1551 1701 1619 sententia

390 1656 498 1723 minus
522 1657 593 1724 loco
617 1658 863 1726 accommodata
886 1659 1094 1726 offendimus.
1133 1660 1230 1725 immo
1247 1658 1301 1726 vel
1321 1682 1362 1726 ex
1378 1659 1462 1745 ipsis
1482 1656 1574 1723 hisce
1592 1654 1702 1724 versi·

391 1761 454 1827 bus
466 1761 647 1828 Hesiodum
663 1763 851 1831 acarminis
868 1771 1066 1849 argumento
1079 1764 1217 1849 evagari
1235 1764 1299 1830 sibi
1311 1761 1527 1851 proposuisse
1540 1760 1702 1846 colligere

392 1865 481 1932 lieet.
519 1866 676 1954 quidnam
700 1875 806 1953 agunt
828 1891 948 1935 versus
970 1868 1124 1935 40-49?
1162 1891 1282 1936 versus
1304 1869 1349 1934 40
1372 1872 1489 1955 aperte
1512 1865 1556 1933 ad
1570 1865 1701 1932 Persen

392 1974 539 2057 spectat,
576 1972 634 2059 qui
664 1977 773 2037 tetum
800 1972 936 2038 dimidio
970 1995 1036 2039 non
1066 1980 1243 2060 praestare
1276 1979 1444 2059 expertus·
1468 1977 1531 2038 est.
1577 1967 1701 2035 similis

392 2098 472 2142 sane
502 2075 672 2143 sententia
702 2098 801 2143 versu
828 2078 868 2142 41
901 2078 1092 2165 praebetur,
1130 2085 1281 2145 attamen
1310 2100 1375 2143 non
1406 2098 1445 2144 eo
1476 2073 1626 2156 consilio,
1659 2077 1701 2139 nt

391 2178 513 2247 iterum
537 2179 657 2247 Perses
692 2181 919 2269 compelletur.
965 2182 1046 2270 quid
1079 2182 1165 2249 euim
1198 2183 1317 2249 consili
1351 2181 1427 2248 huic
1458 2180 1572 2248 versui
1605 2179 1699 2260 insit,

392 2285 508 2350 statim
541 2307 642 2351 versu
667 2285 710 2350 42
745 2285 956 2353 manifestum
988 2287 1036 2352 fit.
1083 2287 1226 2354 malvam
1261 2285 1544 2374 asphodelumque
1574 2284 1700 2350 habere

392 2410 458 2475 qua
488 2388 527 2455 de
556 2410 658 2455 causa
688 2389 827 2456 multum
859 2391 975 2458 valeat
1005 2392 1194 2479 exponitur,
1231 2396 1333 2479 atque
1363 2391 1413 2456 ita
1436 2389 1625 2475 exponitur,
1660 2392 1701 2453 nt

393 2492 527 2559 dubium
559 2517 624 2559 non
657 2494 719 2574 sit,
752 2495 832 2582 quin
863 2496 906 2562 ad
938 2497 1045 2583 ipsam
1072 2497 1156 2565 hanc
1179 2496 1440 2583 disputationem
1465 2494 1505 2561 de
1527 2492 1701 2562 laboribus

393 2599 435 2665 ab
462 2598 649 2665 hominibus
681 2600 903 2687 suscipiendis
933 2624 1034 2668 versu
1057 2602 1098 2667 41
1131 2602 1355 2668 transitus
1384 2602 1605 2692 comparetur.
1652 2596 1701 2663 sic

391 2702 458 2769 iam
483 2703 729 2771 Schoemunnus
758 2704 793 2770 in
824 2706 1101 2772 commentatione
1133 2705 1254 2773 critica
1276 2704 1418 2772 editioni
1439 2702 1581 2771 Hesiodi
1603 2723 1701 2788 pree·

391 2807 495 2873 missa
517 2807 586 2893 (pg.
611 2807 665 2895 18)
689 2809 729 2875 de
753 2809 813 2877 hoc
836 2832 938 2877 versu
960 2810 1133 2877 iudicavit.
1179 2833 1285 2899 neque
1314 2810 1422 2895 igitur
1445 2829 1530 2896 quae
1553 2806 1699 2893 explica·

391 2915 458 2992 tur,
493 2911 552 2977 sed
575 2935 660 3000 quae
683 2913 918 3001 explicationis
942 2938 1043 2982 causa
1066 2916 1211 2982 affertur
1233 2937 1288 2981 res
1312 2913 1430 2980 summi
1453 2911 1611 2979 momenti
1635 2915 1699 2992 est,

391 3014 426 3081 id
450 3017 537 3103 quod
560 3016 611 3083 ita
634 3039 708 3084 esse
731 3019 797 3085 iam
820 3041 861 3085 ex
883 3019 957 3107 ipso
974 3020 1103 3087 ambitu
1125 3020 1359 3107 explicationis
1376 3019 1494 3085 elucet.
1532 3016 1562 3083 si
1577 3038 1699 3083 versus

391 3121 433 3187 41
457 3127 597 3209 propter
618 3144 738 3188 versus
761 3131 939 3211 sequentes
963 3124 1122 3191 inventus
1146 3132 1211 3206 est,
1233 3148 1311 3190 num
1335 3145 1454 3190 versus
1472 3122 1602 3188 42—49
1626 3120 1699 3187 eius

391 3230 524 3292 tantum
548 3227 736 3293 sententiae
759 3250 876 3311 eausa,
912 3251 997 3316 quac
1028 3229 1112 3316 ipsis
1144 3230 1251 3311 inest,
1288 3229 1417 3295 inventi
1440 3226 1525 3309 sint,
1562 3225 1699 3293 dubium

390 3328 473 3394 mihi
495 3330 626 3417 quidem
649 3332 890 3400 videturesse.
939 3334 1104 3400 ‘laborare
1136 3335 1322 3407 hominibus
1354 3354 1490 3400 necesse
1520 3336 1590 3413 est,
1625 3353 1699 3397 oum

390 3432 424 3498 di
454 3433 578 3499 victum
610 3440 704 3501 terra
733 3436 908 3503 conderint
938 3438 992 3522 (de
1015 3459 1095 3505 voce
1117 3443 1191 3523 βίος
1219 3437 1478 3525 interpretanda
1509 3435 1552 3502 cf.
1575 3457 1606 3522 p.
1630 3434 1699 3520 49).

339 3549 340 3554 ’
392 3536 479 3623 quod
511 3537 546 3602 ni
575 3538 750 3624 fecissent,
783 3546 878 3608 terra
906 3543 1109 3609 frumentum
1138 3543 1326 3609 hominibus
1353 3541 1445 3608 ultro
1468 3540 1568 3608 daret
1589 3559 1698 3627 neque

393 3640 442 3708 eis
466 3664 548 3729 opus
572 3650 664 3711 esset
686 3645 906 3730 agricultura,
935 3654 974 3715 ut
997 3649 1121 3714 victum
1145 3648 1397 3735 compararent.
1444 3644 1525 3712 haec
1547 3648 1602 3711 est
1624 3666 1698 3711 sen·

392 3747 502 3814 tentia
533 3772 688 3816 versuum
715 3751 856 3833 42-49,
891 3774 976 3839 quae
1009 3752 1069 3819 hoc
1099 3752 1171 3818 loeo
1204 3776 1268 3818 non
1300 3752 1442 3838 primum
1472 3749 1506 3815 in
1530 3748 1697 3837 Operibus

394 3857 515 3918 exstat.
573 3854 764 3921 continetur
795 3857 881 3921 enim
914 3856 1016 3922 etiam
1049 3857 1203 3923 versibus
1235 3857 1374 3937 20-24,
1410 3853 1532 3941 quibus
1563 3851 1697 3935 Perses,

392 3960 431 4021 ut
455 3978 476 4022 a
497 3955 585 4022 bona
601 3956 822 4025 contentione
844 3959 1009 4046 impulsus
1030 3959 1203 4027 laboribus
1227 3983 1262 4026 se
1283 3960 1341 4026 det
1359 3966 1460 4046 etque
1476 3956 1616 4025 divitias
1633 3956 1698 4023 sibi

393 4066 571 4147 comparet,
595 4061 801 4129 admonetur.
841 4064 995 4129 versibus
1011 4065 1140 4130 27-39
1162 4072 1275 4131 sutem
1296 4070 1397 4150 poeta
1415 4086 1435 4129 a
1450 4063 1539 4130 mala
1555 4061 1697 4129 Conten-

392 4165 484 4231 tione
518 4189 674 4251 egressus
709 4169 750 4233 ab
784 4168 908 4234 iniuria
943 4170 1084 4234 fratrem
1119 4170 1292 4236 revocavit
1326 4168 1369 4235 ad
1402 4167 1578 4234 iustitiam.
1632 4167 1698 4232 iam

391 4269 499 4354 igitur
528 4271 572 4336 ad
602 4271 744 4337 alterum
776 4271 934 4339 carminis
963 4279 1194 4359 argumentum
1227 4273 1380 4355 transiit,
1416 4271 1503 4338 unde
1533 4271 1596 4338 hoo
1626 4270 1697 4336 loco

392 4381 512 4442 eontra
540 4378 823 4464 exspectationem
856 4376 899 4443 ad
931 4377 1025 4463 prius
1056 4378 1228 4444 reflectere
1259 4377 1394 4444 videtur
1423 4374 1696 4461 disputationem.

392 4480 480 4566 quod
503 4478 734 4565 Goettlingius
758 4503 839 4547 sane
863 4482 1029 4567 cognovit,
1059 4481 1094 4547 in
1118 4505 1156 4548 eo
1179 4490 1290 4549 tamen
1315 4504 1443 4564 errans,
1468 4479 1556 4568 quod
1578 4478 1698 4546 Hesio·

393 4583 470 4648 dum
506 4583 587 4650 illuc
624 4584 734 4652 redire
768 4584 863 4664 dicit,
904 4587 987 4651 uude
1015 4586 1106 4667 filum
1140 4587 1309 4668 abruperat
1340 4608 1368 4652 u.
1400 4590 1454 4651 24.
1516 4584 1615 4650 immo
1656 4583 1697 4650 de

392 4686 480 4753 bona
503 4679 724 4774 contentione
757 4688 843 4756 satis
876 4686 1009 4756 locutus
1043 4711 1117 4755 esse
1146 4689 1283 4757 videtur
1310 4688 1479 4756 Hesiodus
1514 4708 1621 4776 nsque
1653 4686 1698 4754 ad

394 4814 425 4858 v.
455 4791 500 4855 24
532 4813 638 4878 neque
674 4814 747 4858 eum
780 4793 903 4860 iterum
933 4793 975 4858 de
1008 4792 1181 4861 laboribus
1213 4793 1404 4860 necessario
1437 4793 1480 4859 ab
1510 4791 1697 4859 hominibus

394 4895 617 4981 suscipiendis
653 4898 882 4983 expositurum
917 4919 991 4965 esse
1025 4903 1268 4985 exspectamus.
1324 4904 1436 4964 tamen
1471 4920 1526 4963 vv.
1556 4896 1696 4976 42-49,
