3659 5509
1030 444 1073 512 52

399 616 578 700 studuerit,
602 640 643 685 ne
658 616 866 685 intellexisse
883 616 1016 705 quidem
1034 617 1171 684 fabulae
1187 638 1320 686 sensum
1336 617 1433 686 vidit
1471 640 1561 704 ergo,
1584 619 1701 707 inquit,
1818 603 1819 662 l

398 744 471 787 cum
494 728 584 789 certe
607 722 841 810 explicationis
863 743 965 788 causa
988 721 1059 788 sint
1080 721 1219 802 inventi,
1253 722 1447 791 removendi
1470 729 1560 789 sunt.
1604 732 1702 791 atne

398 827 588 894 inserviunt
610 827 743 915 quidem
775 826 1007 913 explicationi,
1042 826 1100 914 qui
1133 827 1162 894 si
1192 848 1273 895 vere
1296 827 1479 912 ἐπιμύθιον
1507 836 1622 895 essent
1647 829 1703 896 vel

397 937 619 1016 μνομολομίοι,
648 939 727 1019 poet
750 955 780 997 v.
799 931 863 998 212
892 931 997 1017 positi
1028 937 1151 998 essent.
1198 930 1246 998 sic
1269 931 1355 998 enim
1377 930 1548 999 Lucienus
1571 931 1703 1017 (Bacch.

399 1057 449 1122 cp.
469 1036 519 1121 8):
545 1036 708 1120 ’ἐπάγεται
731 1036 934 1120 ἐπιμύθιον,
958 1035 981 1103 i.
995 1058 1022 1102 e.
1047 1036 1265 1122 subiungitur
1286 1035 1422 1103 fabulae
1446 1036 1626 1116 sententia,
1648 1037 1704 1105 vel
1818 1111 1819 1114 ,

397 1139 607 1228 Apthoniua:
638 1142 710 1226 ιπὴν
734 1140 770 1206 dl
793 1144 1001 1224 παραίνεσιν,
1033 1141 1073 1207 δι’
1091 1142 1134 1225 ἣν
1154 1142 1172 1208 ὁ
1193 1148 1304 1226 μῦθος
1329 1140 1489 1225 πέπανται,
1513 1142 1704 1227 προπάππων
1818 1181 1819 1184 =

397 1245 469 1330 μέν,
492 1247 668 1331 conparare
690 1247 895 1330 ποομύθιον,
918 1246 1100 1330 ἐπιμύθιον
1123 1245 1160 1311 dl
1183 1252 1373 1313 τελευταῖον
1396 1246 1592 1331 transporta
1615 1248 1703 1334 (pro·
1818 1255 1819 1322 l

397 1373 509 1437 gymn.
532 1351 562 1435 Ι,
593 1351 677 1418 rhet.
701 1373 752 1436 gr.
776 1350 795 1416 I
817 1351 880 1420 6οι
904 1350 974 1436 W).
1018 1351 1134 1437 itaque
1157 1372 1222 1440 quo
1244 1350 1317 1418 loco
1339 1351 1443 1439 positi
1476 1357 1557 1419 sunt
1583 1373 1704 1419 versus

396 1478 460 1521 non
484 1455 519 1520 id
543 1459 657 1542 agunt,
689 1462 729 1521 ut
752 1455 900 1522 fabulam
925 1455 1101 1543 explicent,
1132 1461 1269 1542 practer
1299 1457 1502 1523 sententiam
1526 1480 1546 1524 a
1568 1456 1704 1524 fabulae

397 1560 565 1626 sententia
598 1559 751 1627 alienam.
798 1559 958 1647 accipiter
991 1566 1118 1642 autem,
1154 1560 1248 1627 cuius
1279 1560 1314 1626 in
1345 1561 1530 1649 potentiam
1561 1560 1704 1628 luscinia

395 1663 534 1731 redacta
564 1671 633 1746 est,
664 1665 746 1732 bene
778 1663 838 1731 hos
860 1686 991 1753 quoque
1014 1687 1134 1732 versus
1160 1665 1369 1752 pronuntiat.
1415 1671 1593 1753 postquam
1615 1665 1704 1732 enim
1818 1663 1819 1670 '

396 1767 558 1836 lusciniae
581 1770 647 1835 vim
671 1792 710 1837 ac
732 1768 905 1836 libidinem
928 1768 1067 1851 indixit,
1104 1770 1204 1836 etiam
1229 1792 1266 1837 sa
1292 1770 1366 1836 iure
1389 1791 1491 1856 agere
1514 1771 1704 1837 contendit:
1818 1835 1819 1852 ,

395 1873 468 1940 iure
497 1874 583 1940 enim
613 1896 685 1941 eum
709 1875 766 1961 qui
789 1873 919 1940 viribus
942 1878 1097 1960 praestet
1119 1873 1154 1941 vi
1176 1874 1211 1941 in
1234 1875 1379 1941 minores
1402 1874 1464 1941 uti.
1511 1874 1560 1940 sic
1582 1874 1705 1941 irridet
1818 1883 1819 1904 ¹

396 1977 582 2045 lusciniam.
628 1979 751 2066 optime
781 1984 894 2045 autem
918 1978 953 2044 hi
976 2001 1096 2046 versus
1120 1978 1244 2046 adiecti
1267 1979 1331 2046 tibi
1354 1979 1568 2059 videbuntur,
1601 1981 1630 2045 si
1660 1979 1704 2046 ad
1818 2023 1819 2044 ι

397 2083 504 2150 totius
526 2082 663 2150 fabulae
693 2105 826 2150 sensum
859 2083 1005 2150 animum
1036 2084 1238 2151 adverteris.
1283 2083 1431 2164 fabulam
1464 2105 1501 2151 se
1532 2107 1598 2150 non
1630 2106 1705 2151 esse
1818 2101 1819 2120 ¹

398 2187 642 2274 explicaturum
655 2187 822 2254 Hesiodus
839 2187 957 2275 primis
969 2188 1084 2254 verbis
1101 2187 1271 2273 significat
1287 2187 1483 2273 (φρονέουσι
1497 2186 1552 2254 καὶ
1567 2188 1703 2274 αὐτοῖς),

399 2292 458 2359 sed
481 2292 573 2380 ipsos
596 2315 693 2378 reges
716 2291 863 2359 fabulam
894 2291 1063 2380 explicare
1096 2297 1131 2359 at
1159 2292 1359 2378 intellegere
1383 2293 1466 2359 vult.
1513 2291 1566 2360 hic
1592 2299 1705 2362 summ

398 2401 516 2484 aperte
539 2403 593 2464 est
614 2396 750 2464 fabulae
773 2418 907 2463 sensus:
941 2396 1065 2463 ‘ecdem
1088 2396 1187 2484 plane
1209 2398 1319 2479 modo,
1351 2419 1416 2485 quo
1439 2397 1600 2485 accipiter
1623 2420 1706 2484 arga
1818 2429 1819 2434 ¹

397 2500 574 2568 lusciniam
597 2523 633 2568 se
655 2501 755 2587 gerit,
786 2500 899 2568 codam
923 2502 1019 2567 modo
1043 2523 1113 2583 vos,
1139 2500 1276 2583 iudices,
1300 2523 1382 2587 erga
1402 2524 1455 2569 me
1476 2525 1537 2571 voa
1560 2503 1706 2588 geritis'.

397 2607 470 2694 ipse
493 2606 580 2674 enim
603 2605 770 2672 Hesiodus
794 2613 847 2672 est
870 2606 985 2683 ἀοιδός
1006 2605 1051 2692 (v.
1067 2605 1145 2692 208)
1154 2605 1188 2690 1).
1233 2606 1323 2693 ‘quid
1345 2611 1457 2674 autem
1480 2607 1521 2675 de
1543 2607 1706 2695 accipitre
1818 2619 1819 2686 ζ

398 2711 616 2778 iudicabitis?
659 2733 767 2777 nonne
790 2710 982 2778 foedissime
1012 2733 1048 2777 ae
1080 2711 1193 2795 gerit?
1237 2709 1324 2778 idem
1346 2716 1458 2778 autem
1481 2711 1640 2778 iudicium
1665 2712 1706 2778 de

398 2816 494 2883 vobis
517 2816 619 2883 valet.
664 2815 814 2882 caveatis
837 2815 954 2900 igitur,
987 2837 1029 2881 ne
1061 2821 1179 2882 contra
1210 2815 1263 2882 ius
1295 2816 1329 2881 in
1358 2838 1410 2882 me
1433 2815 1628 2898 consulatis,
1665 2838 1705 2883 na

398 2942 459 2986 vos
482 2921 574 3007 ipsos
597 2943 700 3008 aeque
724 2924 938 2987 contemnant
961 2917 1109 2986 homines
1133 2941 1172 2986 ac
1192 2941 1252 2986 vos
1273 2920 1476 3008 accipitrem.
1519 2921 1621 2987 etiam
1644 2942 1705 2987 vos

400 3025 528 3092 viribus
560 3024 640 3091 mihi
671 3024 857 3113 praestatis
892 3023 980 3090 sicut
1010 3023 1174 3091 lusciniae
1206 3023 1376 3112 accipiter.
1421 3024 1546 3092 videtis
1578 3033 1704 3109 autem,

399 3151 496 3215 quam
514 3130 608 3211 male,
633 3130 662 3196 si
684 3130 747 3196 bac
769 3129 923 3215 potentia
945 3128 1094 3208 utemini,
1118 3128 1285 3196 iustitiam
1301 3129 1485 3197 curabitis’.
1523 3130 1610 3196 hunc
1631 3130 1706 3197 fere

398 3235 432 3300 in
464 3235 595 3302 modum
626 3233 753 3301 iudicas
784 3232 988 3319 intellegant
1016 3232 1166 3300 fabulam
1198 3234 1291 3321 cupit
1316 3234 1502 3318 Hesiodus,
1536 3256 1637 3322 quam
1670 3235 1704 3302 in

398 3338 600 3406 sententiam
633 3338 756 3426 optime
787 3337 957 3426 quadrant
987 3362 1043 3404 vu
1066 3338 1220 3419 aleran.
1274 3338 1410 3406 dubium
1440 3362 1505 3406 non
1537 3344 1591 3407 est
1623 3340 1705 3427 quin

398 3441 550 3510 consulto
572 3443 644 3528 ipae
667 3442 835 3510 Hesiodus
858 3465 915 3510 eos
938 3442 1074 3510 fabulae
1095 3441 1268 3510 adiecerit

485 3565 647 3632 Fabulam
677 3564 848 3652 accipitris
881 3565 983 3633 etiam
1013 3587 1031 3632 e
1060 3565 1205 3632 carmine
1239 3564 1384 3632 solutam
1416 3564 1572 3651 intellegi
1602 3588 1704 3652 posse

397 3669 551 3737 vidimus.
597 3669 696 3757 plane
725 3669 826 3737 aliter
855 3675 968 3737 autem
993 3669 1034 3737 de
1061 3672 1164 3737 tertio
1187 3668 1377 3737 Kircbhoffi
1400 3670 1564 3737 ‘carmina'
1585 3691 1643 3737 res
1668 3691 1704 3738 se

396 3774 512 3858 habet,
548 3775 583 3842 id
609 3775 696 3862 quod
727 3797 744 3841 e
773 3774 879 3862 primo
909 3774 1027 3841 statim
1051 3796 1152 3842 versu
1175 3774 1403 3860 cognoscitur:
1441 3770 1624 3857 ύΠέρση,
1660 3778 1703 3841 σὺ

396 3879 425 3944 δ’
442 3882 542 3945 ἄκουε
566 3881 662 3963 δίκης
682 3879 758 3964 μηδ’
782 3880 883 3964 ὕβριν
906 3881 1038 3963 ὄφελλε.
1083 3901 1190 3966 nequa
1220 3879 1328 3946 solum
1357 3877 1551 3965 adloquitur
1572 3876 1703 3946 Persen

395 3985 537 4051 fratrem
559 3983 741 4065 Hesiodus,
772 3983 833 4051 aed
855 3984 957 4050 verbo
981 3983 1018 4049 dl
1041 3983 1157 4052 addito
1181 4005 1301 4051 versus
1324 3988 1503 4070 sequentes
1526 4004 1599 4048 cum
1622 3983 1703 4051 aliia

396 4087 594 4176 quibusdam
625 4087 774 4173 componi
806 4086 984 4173 significat
1029 4088 1146 4176 itaque
1176 4087 1308 4169 evenit,
1344 4093 1384 4153 ut
1413 4108 1479 4153 non
1503 4085 1600 4154 modo
1625 4093 1703 4155 arte

396 4216 468 4259 cum
491 4191 767 4259 antecedentibus
791 4191 1001 4274 cohaereant,
1025 4191 1060 4258 id
1082 4193 1169 4280 qnod
1192 4214 1287 4259 nemo
1310 4213 1375 4258 non
1394 4190 1498 4270 videt,
1522 4190 1701 4260 sedetiam

396 4297 526 4364 omnino
546 4319 611 4363 non
632 4295 921 4381 intellegerentur,
946 4294 975 4360 si
999 4315 1047 4376 ea,
1073 4316 1158 4383 quae
1180 4294 1392 4376 antecedunt,
1416 4293 1700 4363 desiderarentur.

396 4401 439 4469 ad
461 4402 628 4469 iustitiam
651 4399 825 4467 revocavit
846 4398 985 4480 iudices,
1009 4421 1082 4465 cum
1104 4399 1229 4467 iniuria
1250 4398 1330 4487 quid
1354 4400 1402 4466 sit
1423 4398 1540 4466 fabula
1562 4408 1701 4467 narratu

395 4505 648 4591 significaverit.
694 4506 760 4571 iam
782 4504 926 4570 iniuriae
948 4503 1082 4572 iustitia
1105 4504 1285 4592 opponitur
1308 4512 1410 4593 atque
1433 4503 1596 4592 accipitri,
1626 4504 1648 4571 i.
1673 4526 1700 4572 e.

488 4753 514 4817 1)
533 4749 632 4804 Nescio
651 4765 687 4804 an
703 4749 826 4804 consulto
840 4747 976 4804 Hesiodus
995 4746 1106 4817 ἀηδόνα
1125 4749 1174 4804 καὶ
1193 4750 1295 4805 ἀοιδὸν
1313 4745 1416 4804 ἐοῦσαν
1435 4750 1469 4804 ab
1488 4749 1621 4818 accipitre
1639 4747 1700 4818 capi

396 4836 477 4906 dicat,
505 4846 536 4893 ut
562 4836 598 4891 ad
622 4853 720 4893 nomen
744 4853 823 4894 suum
836 4835 972 4893 Ἡσίοδον
990 4837 1111 4906 alludat,
1139 4839 1212 4907 quod
1230 4856 1291 4895 cum
1309 4840 1421 4895 vocibus
1439 4837 1538 4907 ἀηδών
1556 4843 1585 4893 ct
1603 4833 1700 4896 ἀοιδός

396 4933 457 4982 arta
475 4927 604 4982 cohaeret
622 4925 669 4996 (cf.
689 4927 819 4998 Solmoen,
839 4936 942 4984 untera.
961 4945 985 4983 z.
1003 4943 1043 4997 gr.
1063 4929 1133 4983 laut-
1151 4929 1208 4984 und
1226 4930 1364 4986 versiabra
1382 4945 1426 4998 μμ.
1446 4929 1519 4998 238).
