3659 5509
1036 417 1079 483 38

402 588 555 656 mulieris
578 588 724 675 origine,
758 610 858 677 quam
883 588 1040 675 Iuppiter
1067 586 1143 655 ideo
1173 588 1285 675 effingi
1317 586 1434 670 iussit,
1469 592 1510 654 ut
1539 586 1632 655 viros
1658 586 1720 675 qui

402 694 515 778 ignem
537 715 558 761 a
580 692 780 761 Prometheo
805 692 921 760 datum
943 697 1144 779 aeceperunt
1169 692 1324 779 graviter
1345 692 1491 780 puniret.
1536 690 1622 758 hane
1646 690 1719 778 pri·

402 820 489 864 mam
521 797 693 865 mulierem
722 797 879 884 Iuppiter
909 796 1017 863 totius
1048 797 1185 883 generis
1216 797 1329 864 instar
1360 819 1435 864 esse
1465 796 1585 863 voluit.
1628 795 1719 863 haee

402 901 530 984 fabula,
554 923 639 990 quae
662 906 790 990 quanta
812 907 887 969 arte
910 907 946 968 et
968 899 1107 969 oonsilio
1131 901 1179 968 sit
1201 908 1359 970 enarrata
1374 901 1531 983 vidimus,
1556 901 1718 969 versibus

403 1006 584 1090 rto-68³,
597 1006 727 1073 83-89
756 1006 957 1073 continetur.
1011 1027 1117 1094 usque
1150 1006 1193 1073 ad
1223 1006 1322 1072 finem
1352 1027 1418 1072 non
1450 1009 1506 1073 est
1537 1005 1716 1093 perducta,

403 1133 602 1198 quamquam
639 1110 712 1198 ipse
748 1116 850 1198 poeta
887 1132 924 1178 se
957 1109 1106 1176 fabulam
1144 1132 1220 1177 esse
1257 1110 1301 1177 ad
1336 1110 1435 1184 finem
1471 1110 1718 1198 perducturum

403 1237 507 1282 versu
537 1215 580 1282 89
612 1214 827 1301 significavit.
883 1220 922 1281 at
955 1213 1130 1302 perierunt
1162 1237 1293 1298 versus,
1328 1215 1450 1303 quibus
1483 1215 1563 1280 olim
1596 1211 1719 1280 fabula

404 1320 560 1387 eonolusa
590 1325 673 1404 erat,
707 1342 781 1386 oum
811 1318 941 1386 duabus
972 1319 1293 1406 interpolationibus
1324 1326 1400 1387 tota
1429 1320 1582 1386 narratio
1611 1324 1720 1385 aucta

405 1425 461 1492 sit.
513 1424 649 1491 exstitit
679 1424 766 1491 enim
797 1423 910 1491 altera
940 1423 1074 1507 fabula,
1106 1446 1173 1512 qua
1204 1424 1307 1490 simili
1337 1424 1434 1492 modo
1466 1429 1568 1511 atoue
1599 1422 1719 1511 priore

403 1530 496 1597 vitae
520 1529 683 1596 humanae
705 1528 902 1616 depravatio
926 1527 1059 1595 mulieri
1082 1528 1214 1594 erimini
1230 1529 1387 1596 dabatur.
1425 1534 1463 1594 at
1485 1528 1589 1595 aliter
1610 1531 1718 1615 atque

404 1634 519 1721 priore
549 1634 612 1701 hae
642 1633 753 1700 altera
782 1632 900 1700 fabula
930 1633 989 1699 uni
1019 1638 1150 1700 tantum
1184 1632 1317 1701 mulieri
1347 1632 1477 1701 crimini
1501 1632 1602 1700 datur
1626 1630 1717 1718 quod

404 1739 519 1826 priore
547 1738 614 1805 toti
643 1737 819 1804 mulierum
848 1737 975 1825 generi.
1029 1759 1136 1825 neque
1165 1738 1273 1824 igitur
1295 1738 1336 1806 de
1358 1738 1468 1827 prima
1490 1738 1622 1805 omnino
1646 1759 1718 1802 mn-

403 1842 488 1910 liere
510 1843 592 1910 haeo
613 1841 731 1910 fabula
754 1841 837 1928 agit,
862 1842 922 1908 sed
945 1841 986 1909 de
1009 1848 1102 1909 oerta
1124 1842 1248 1931 aliqua,
1271 1842 1404 1909 nomine
1426 1842 1592 1930 praedita.
1629 1862 1719 1931 qnae

406 1947 524 2014 fabula
547 1947 683 2014 exstitit
704 1948 738 2013 in
755 1950 893 2014 vetusto
917 1946 1030 2034 aliquo
1047 1947 1202 2030 carmine,
1227 1947 1324 2031 unde,
1348 1948 1405 2036 qui
1424 1970 1496 2014 eam
1511 1970 1585 2014 oum
1600 1947 1718 2035 priore

407 2054 608 2137 coniungere
624 2051 689 2118 sibi
705 2058 939 2140 proposuerat,
957 2051 1102 2139 sumpsit
1117 2075 1172 2118 vv.
1189 2052 1568 2135 90-95-1-109-104.
1591 2053 1716 2141 quibus

407 2156 563 2224 versibus
576 2179 648 2223 eum
660 2156 816 2223 versibus
828 2156 960 2223 91-94
976 2156 1126 2223 inunum
1138 2157 1332 2244 compositis
1345 2162 1381 2223 et
1395 2157 1439 2224 ad
1461 2181 1493 2223 v.
1511 2158 1554 2225 89
1569 2157 1716 2224 adiectis

407 2282 527 2329 versus
551 2261 608 2348 qui
629 2261 776 2349 priorem
799 2260 948 2327 fabulam
973 2260 1052 2327 olim
1075 2268 1278 2348 exceperunt
1300 2261 1435 2349 (quibus
1458 2284 1524 2349 qua
1547 2261 1588 2327 de
1611 2283 1717 2328 eausa

407 2365 516 2432 malae
538 2365 609 2432 sint
630 2365 787 2433 mulieres
810 2366 1025 2453 virorumque
1052 2364 1157 2432 vitam
1179 2366 1398 2453 pessumdent
1417 2373 1612 2433 enarratum
1627 2366 1717 2450 erat)

408 2470 584 2537 enarmine
595 2475 635 2536 ut
645 2492 781 2538 neeesse
793 2475 870 2537 erat
880 2470 1001 2536 remoti
1013 2476 1103 2538 suut.
1127 2492 1235 2559 neque
1247 2471 1334 2537 enim
1346 2470 1432 2538 duae
1444 2471 1591 2537 eiusdem
1603 2472 1659 2537 rei
1669 2471 1716 2537 di·

408 2596 527 2643 versae
535 2574 776 2661 explieationes
788 2575 830 2641 ab
839 2597 905 2663 nno
917 2574 1095 2662 eodemque
1103 2583 1203 2662 poeta
1211 2575 1301 2642 inter
1311 2598 1346 2641 se
1357 2576 1513 2662 coniungi
1521 2583 1715 2663 potuerunt

408 2679 491 2746 haee
513 2680 623 2747 altera
645 2679 761 2745 fabula
778 2702 832 2746 vv.
845 2679 998 2746 90-104
1018 2687 1189 2747 narratur.
1235 2679 1370 2747 fabulae
1394 2679 1490 2747 deest
1512 2680 1658 2762 initium,
1682 2679 1716 2746 id

408 2783 496 2873 quod
514 2806 579 2852 non
598 2785 767 2851 miramur.
813 2783 1038 2871 interpolator
1060 2790 1171 2852 autem
1190 2784 1276 2851 hano
1295 2783 1463 2872 deperditi
1482 2784 1625 2853 alieuius
1646 2807 1716 2853 oar·

407 2891 506 2956 minis
528 2892 662 2975 partem
692 2887 797 2955 inseri
827 2909 927 2976 posse
953 2909 1019 2954 non
1047 2890 1194 2976 putabat
1224 2888 1290 2955 nisi
1313 2889 1416 2956 etiam
1438 2890 1717 2957 antecedentibus

409 2993 565 3061 versibus
596 2993 811 3060 indicaretur.
854 2992 1034 3081 praecipue
1066 2999 1179 3060 autem
1210 3016 1327 3061 nomen
1359 2993 1526 3075 mulieris,
1560 2995 1650 3082 quod
1681 2994 1716 3061 in

409 3100 472 3165 hao
493 3103 592 3185 parte
614 3119 681 3164 non
703 3097 855 3179 exstitit,
885 3119 1141 3165 commemorare
1164 3121 1300 3165 neeesse
1323 3105 1409 3165 erat.
1454 3098 1586 3166 invenit
1608 3099 1717 3185 igitur

408 3224 530 3270 versus
552 3201 697 3286 69-82,
730 3202 788 3290 qui
817 3201 852 3269 id
881 3203 1061 3290 praecipue
1092 3209 1249 3290 agerent,
1281 3209 1321 3270 ut
1349 3224 1467 3270 nomen
1489 3203 1642 3272 mulieris
1667 3204 1716 3273 af·

408 3308 567 3374 ferretur.
613 3307 699 3373 satis
722 3313 801 3393 apte
823 3306 909 3373 hano
931 3306 1227 3393 interpolationem
1256 3328 1328 3374 oum
1352 3307 1497 3392 genuina
1518 3310 1716 3376 narratione

410 3410 609 3495 coniungere
632 3410 698 3476 sibi
720 3411 816 3478 visus
838 3416 892 3477 est
913 3433 1068 3494 narrans,
1097 3433 1162 3498 quo
1185 3411 1281 3478 modo
1297 3411 1389 3479 Iovis
1411 3411 1572 3479 mandata
1593 3415 1716 3483 efferta

410 3520 535 3583 essent.
580 3519 727 3603 quantae
759 3514 845 3582 artis
868 3515 975 3582 fuerit
1003 3515 1229 3603 interpolator
1258 3516 1390 3583 ratione
1415 3516 1616 3599 ostenditur,
1650 3541 1716 3606 qua

409 3619 503 3688 Iovis
525 3618 686 3686 mandata
708 3619 796 3686 effici
818 3626 948 3687 narrat.
994 3621 1250 3709 interpolatoris
1278 3621 1385 3706 igitur
1408 3627 1488 3688 sunt
1509 3644 1565 3688 vv.
1585 3623 1716 3689 69-82

409 3730 449 3809 -l-
467 3724 1067 3810 90-95÷96-98÷100-104÷
1085 3727 1157 3793 105.
1231 3748 1364 3793 versum
1394 3727 1457 3791 105
1488 3727 1716 3795 narrationem

409 3830 627 3899 eonelusurus
651 3829 785 3896 adiecit.
821 3831 952 3897 omnino
975 3837 1088 3898 autem
1116 3868 1159 3880 -
1189 3831 1292 3898 etiam
1322 3852 1363 3898 ex
1391 3830 1653 3918 interpolatione
1676 3871 1715 3881 —

414 3934 608 4003 removendi
632 3938 713 4000 sunt
735 3957 791 4001 vv.
815 3935 867 4017 76,
892 3935 944 4018 79,
969 3936 1021 4017 93,
1045 3936 1098 4003 99.

952 4142 1084 4232 caput
1104 4142 1171 4214 ΠΙ.
1305 4154 1309 4160 “

593 4288 817 4386 theogoniae
844 4292 881 4369 et
907 4288 1059 4392 Operum
1088 4288 1238 4370 fabulae
1267 4294 1536 4393 rumperentur.

500 4450 715 4537 'theogoniae
738 4459 773 4519 et
795 4451 941 4539 Operum
973 4453 1064 4520 looos
1095 4452 1136 4534 de
1162 4450 1362 4519 Prometheo
1393 4453 1613 4521 similitudine
1643 4476 1716 4522 oon·

412 4556 545 4622 iunetos
568 4578 643 4623 esse
664 4556 790 4624 maiore
810 4579 909 4645 quam
927 4579 1013 4645 quae
1036 4556 1149 4624 eodem
1171 4563 1369 4643 argumento
1388 4563 1538 4626 tractato
1557 4556 1715 4646 explicari

413 4660 524 4748 possit
552 4659 746 4728 iamdudum
777 4663 1046 4729 observaverunt
1077 4660 1144 4728 viri
1175 4661 1273 4727 doeti.
1326 4684 1438 4730 omnes
1470 4667 1582 4730 autem
1613 4664 1649 4730 in
1680 4683 1715 4729 eo

415 4763 629 4831 consentiunt
658 4766 796 4849 iudicio,
831 4773 870 4833 ut
903 4765 1039 4852 singula
1069 4764 1174 4832 verba
1205 4770 1241 4832 et
1272 4788 1392 4833 versus
1424 4766 1481 4854 qui
1511 4767 1545 4832 in
1575 4773 1716 4854 utroque

416 4868 561 4939 carmine
591 4875 727 4942 exstant
756 4893 774 4940 e
798 4870 993 4960 Theogonis
1026 4872 1161 4958 sumpta
1192 4876 1294 4958 atque
1327 4870 1362 4938 in
1393 4892 1490 4939 suum
1518 4893 1614 4939 usum
1644 4892 1716 4939 eon·
