3659 5509
1036 447 1079 510 36

405 623 630 707 profanare:
665 624 774 687 omnia
807 621 916 685 bona
946 619 1147 703 diffugiunt,
1178 618 1250 683 sola
1272 617 1358 704 Spes
1380 617 1470 704 apud
1490 617 1642 686 homines
1665 641 1721 685 re·

404 727 551 792 tinetnr:
576 729 609 792 iu
634 728 729 792 boris
754 729 859 811 igitur
883 727 1026 790 babetur
1049 724 1144 810 Spes.
1190 722 1414 809 imOperibna
1436 731 1549 789 antem
1572 723 1659 811 Spes
1686 724 1721 789 in

403 833 500 896 malie
517 833 669 898 babetur.
686 855 753 919 qua
776 832 817 896 de
837 854 873 895 re
892 830 1060 894 dubitatio
1076 830 1240 894 exsistere
1253 851 1318 892 non
1330 839 1454 914 potest.
1477 850 1543 916 qna
1556 828 1719 895 decanea

404 938 516 1000 nescio
547 960 589 1001 an
621 959 686 1001 non
710 959 830 1001 verz-us
852 935 1005 999 bJ-liju
1035 957 1133 998 unam
1165 945 1266 1018 atque
1295 932 1463 1017 integram
1485 933 1721 1000 narrationem

403 1043 606 1106 contineant.
637 1065 703 1127 qua
734 1042 767 1105 in
799 1063 835 1105 re
866 1040 973 1104 111111
998 1062 1109 1103 omnes
1134 1038 1422 1120 consensmnnt't
1467 1038 1565 1106 immo
1588 1045 1625 1105 et
1647 1038 1718 1125 ipsi

404 1167 524 1210 versus
540 1147 691 1210 911-1111
709 1147 880 1210 variarum
903 1145 1135 1209 narrationum
1158 1142 1321 1228 reliquias
1343 1142 1424 1206 mibi
1446 1142 1579 1229 quidem
1597 1143 1719 1210 viden·

403 1257 461 1314 tur
483 1251 664 1316 continere.
696 1274 780 1337 qnae
808 1253 881 1336 ipse
904 1248 1050 1334 Operum
1074 1248 1301 1334 interpolator
1327 1255 1362 1312 et
1384 1247 1596 1313 concinnavit
1620 1257 1657 1315 et
1683 1248 1718 1314 in

405 1353 515 1440 Opera
530 1355 684 1420 inscmit.
719 1357 803 1420 benc
818 1354 970 1440 procedit
986 1354 1136 1418 narratio
1150 1375 1254 1439 usque
1266 1351 1310 1416 ad
1324 1374 1458 1417 versum
1471 1354 1524 1418 95.
1556 1352 1719 1440 ubiSpes

402 1459 641 1526 introducitur.
670 1461 759 1525 alius
797 1459 933 1524 fabulae
971 1460 1195 1542 fragmentum
1234 1478 1433 1540 cognoscere
1465 1456 1546 1522 mihi
1582 1457 1717 1523 videor.

405 1586 523 1628 verane
547 1565 719 1629 lor-lot
746 1565 917 1650 excipiunt
941 1565 1088 1628 fortasse
1119 1562 1247 1648 aliquot
1274 1584 1393 1627 versus
1416 1563 1506 1627 inter
1528 1584 1648 1628 versus
1673 1563 1719 1628 95

404 1675 439 1733 et
464 1671 528 1733 lui
551 1669 712 1755 perditae.
736 1671 859 1755 quibus
882 1668 923 1733 de
947 1690 1012 1731 nno
1036 1667 1149 1753 aliquo
1172 1666 1337 1750 singulari
1361 1666 1450 1732 malo
1472 1673 1582 1732 actum
1603 1666 1718 1733 fuerit

404 1773 456 1837 111
479 1776 564 1837 ἄλλα
584 1779 688 1856 μυρία
710 1777 817 1856 λυγρὰ
840 1783 1062 1859 opponantur.
1117 1773 1165 1836 sic
1192 1793 1229 1836 re
1251 1793 1333 1836 vera
1363 1770 1466 1836 etiam
1490 1771 1644 1837 versibus
1667 1771 1716 1836 90

405 1878 514 1941 -104
543 1900 608 1942 non
642 1879 750 1944 unius.
781 1878 840 1943 sed
873 1878 1014 1942 duarum
1046 1878 1233 1941 fabularum
1264 1876 1457 1960 fragmenta
1478 1876 1718 1961 conglutinata

404 1982 618 2067 praebentur.
665 1983 723 2047 aed
747 1983 827 2068 quin
857 1982 929 2068 ipse
954 1981 1179 2066 interpolator
1202 1980 1356 2046 versibus
1379 1981 1532 2046 aii-104
1553 2003 1589 2046 se
1609 2003 1718 2046 unam

406 2093 441 2151 et
474 2087 641 2172 integram
673 2087 821 2152 fabulam
859 2109 999 2152 narrare
1039 2085 1251 2151 simulaverit
1280 2084 1417 2150 dubium
1438 2108 1503 2151 non
1533 2086 1717 2152 1111111111

404 2191 549 2256 videtur.

489 2296 561 2361 Iam
584 2295 868 2364 Κ111111101111111.
892 2297 915 2361 1.
949 2319 1003 2381 pg.
1026 2296 1083 2378 48)
1113 2303 1289 2380 utramque
1319 2292 1621 2380 interpolationem,
1646 2317 1717 2383 qua
1819 2329 1820 2356 1

404 2409 541 2464 vetusta
563 2400 604 2465 de
626 2401 736 2486 prima
759 2402 898 2467 muliere
922 2399 1038 2465 fabula
1065 2409 1101 2464 et
1124 2411 1223 2465 ancta
1253 2411 1288 2464 et
1318 2405 1522 2465 commutata
1544 2406 1598 2465 est
1617 2400 1717 2484 (aunt

402 2527 522 2570 versus
544 2506 930 2589 69-82111-104),
968 2515 1042 2570 arte
1074 2506 1283 2570 coniunctam
1316 2526 1392 2569 esse
1424 2504 1614 2591 suspicatus
1648 2512 1715 2587 est,

403 2607 437 2674 id
460 2609 548 2696 qnod
578 2632 613 2674 re
641 2632 722 2675 vera
752 2610 957 2674 simillimum
982 2610 1053 2675 reri
1085 2621 1148 2675 est.
1193 2608 1255 2673 hoc
1278 2608 1364 2673 enim
1387 2630 1428 2674 ex
1449 2607 1534 2695 ipsis
1557 2610 1715 2676 versibus

403 2712 563 2796 colligere
602 2713 698 2779 licet:
744 2724 845 2799 poeta
876 2714 934 2800 qui
973 2713 1121 2778 fabulam
1161 2714 1202 2778 de
1242 2713 1352 2799 prima
1384 2713 1522 2780 muliere
1553 2715 1715 2781 narravit
1820 2761 1821 2794 3

404 2816 537 2880 mulieri
560 2840 678 2882 nomeu
702 2841 809 2904 neque
832 2818 926 2883 dedit
950 2841 1055 2905 neque
1079 2819 1211 2882 omnino
1233 2820 1330 2883 novit
1352 2840 1480 2884 nomen.
1518 2819 1578 2884 sed
1594 2842 1713 2886 nomen
1820 2819 1821 2834 ¹

403 2929 516 2984 exstat
539 2920 573 2984 in
594 2923 748 2987 versibus
771 2921 999 3007 interpolatio.
1041 2944 1113 2986 cum
1129 2932 1241 2986 antem
1258 2931 1331 2987 tota
1354 2922 1507 2988 narratio
1523 2923 1564 2988 de
1580 2924 1714 3010 origine

404 3023 531 3108 primae
554 3025 705 3090 mulieris
730 3027 872 3091 maxima
895 3037 930 3091 et
954 3033 1028 3092 arte
1052 3035 1086 3091 et
1103 3025 1282 3110 diligentia
1306 3027 1353 3092 sit
1374 3028 1569 3114 composita,
1593 3050 1712 3095 nornen

404 3126 610 3208 'Pandorae’,
645 3130 732 3216 qnod
762 3131 795 3196 in
825 3130 1040 3217 interpolatis
1070 3137 1202 3195 tantum
1226 3132 1381 3197 versibus
1405 3139 1533 3213 exstat,
1559 3154 1580 3198 a
1604 3133 1713 3219 prima

403 3233 541 3298 muliere
564 3234 696 3298 omnino
720 3234 863 3300 alienum
889 3236 995 3300 fuisse
1019 3235 1203 3301 verisimile
1225 3242 1288 3314 est,
1320 3237 1472 3302 sicutne
1495 3234 1713 3324 Theogoniae

404 3337 536 3423 quidem
570 3338 724 3403 versibus
755 3376 800 3387 —
830 3342 858 3405 si
887 3339 1116 3424 Theogoniam
1147 3339 1209 3405 boc
1239 3362 1304 3406 nno
1335 3340 1406 3406 1010
1439 3341 1519 3406 mihi
1549 3341 1632 3409 licet
1661 3343 1712 3409 af·

406 3442 497 3507 ferre
512 3479 551 3488 -
569 3465 685 3508 nomen
703 3444 830 3529 primae
850 3442 1001 3511 mulieris
1024 3451 1148 3511 exstat.
1187 3445 1326 3511 fuerunt
1348 3445 1456 3530 igitur
1471 3446 1557 3512 dnae
1576 3446 1712 3515 fabulae

403 3544 444 3610 de
471 3545 713 3631 depravatione
737 3548 1030 3615 vitaehumanae:
1066 3548 1177 3615 altera
1200 3571 1265 3636 qua
1289 3549 1445 3615 mulieres
1469 3552 1601 3617 omnino
1625 3553 1713 3618 viro·

401 3670 474 3714 rum
498 3648 701 3717 detrimento
725 3661 857 3718 creatae
881 3675 956 3719 esse
980 3652 1188 3718 dicebantur.
1227 3653 1289 3719 hac
1311 3653 1428 3720 fabula
1449 3655 1559 3739 prima
1582 3656 1711 3738 mulier,

402 3776 488 3840 quae
517 3756 660 3820 omnium
693 3765 747 3822 est
778 3757 900 3839 instar,
936 3757 1026 3823 mala
1057 3756 1163 3823 fnisse
1196 3757 1409 3825 narrabatur.
1455 3758 1568 3826 altera
1599 3767 1710 3828 antem

402 3857 518 3923 fabula
556 3860 626 3925 uni
672 3860 804 3926 mulieri
843 3862 916 3927 vita
960 3862 1128 3928 bominum
1162 3862 1349 3949 depravata
1387 3863 1517 3930 crimini
1554 3864 1710 3933 dabatur.

402 3962 488 4028 banc
516 3971 644 4030 certam
674 3965 780 4030 fuisse
811 3965 983 4032 mulierem
1013 3968 1144 4032 nomine
1175 3967 1289 4054 aliquo
1315 3967 1506 4054 praeditam
1534 3991 1577 4036 ex
1604 3970 1710 4058 ipsius

402 4066 537 4134 fabulae
561 4069 691 4134 ratione
714 4069 787 4135 veri
811 4077 865 4136 est
888 4070 1102 4137 simillimum.
1148 4071 1205 4158 qni
1229 4071 1313 4138 bano
1335 4071 1483 4140 fabulam
1507 4096 1580 4140 oum
1601 4074 1710 4142 altera

341 4239 344 4246 ,
403 4172 603 4256 coniungere
626 4173 744 4252 voluit,
775 4174 875 4239 sicuti
898 4196 985 4240 nuno
1007 4173 1141 4241 fabulas
1165 4175 1361 4242 coniunctas
1380 4176 1576 4264 reperimus,
1600 4179 1709 4247 faeere

402 4298 466 4341 non
497 4277 625 4362 potnit,
656 4277 736 4364 quin
766 4301 884 4342 nomen
915 4278 1013 4345 buius
1036 4278 1197 4361 mulieris,
1231 4280 1319 4366 quod
1342 4301 1598 4349 commemorare
1621 4291 1709 4351 certe

404 4378 536 4460 debuit,
571 4382 674 4448 etiam
705 4381 835 4468 primae
869 4382 999 4450 mulieri
1031 4382 1139 4450 daret.
1193 4381 1256 4451 1111
1289 4406 1327 4450 ro
1358 4384 1572 4453 considerata
1603 4410 1708 4456 nonno

404 4506 547 4515 ——-

495 4558 522 4622 1)
541 4555 582 4609 De
595 4556 689 4610 Babrii
708 4555 803 4610 fabula
822 4556 856 4610 cf.
874 4557 1037 4624 (10111111,
1058 4557 1091 4611 (11
1106 4558 1199 4612 Babrii
1218 4565 1318 4626 aetate,
1336 4561 1365 4613 in
1384 4559 1456 4615 stud
1472 4561 1548 4630 Lipr.
1561 4562 1588 4616 11
1607 4566 1667 4619 210.
1679 4595 1708 4606 -

404 4640 478 4695 haud
496 4644 553 4697 acio
572 4659 607 4698 an
627 4644 744 4698 Babrioc
762 4653 875 4714 praeter
893 4647 1013 4714 Operum
1031 4648 1216 4701 narrationem
1236 4648 1365 4718 Aeschyli
1389 4651 1496 4704 novarit
1520 4651 1610 4706 locum
1628 4669 1709 4722 snpra

404 4729 526 4785 allatum.

494 4822 522 4889 2)
542 4819 616 4875 Uuur
638 4822 773 4889 Spohm'oo
792 4823 868 4891 (Her.
887 4825 937 4893 Op.
952 4833 981 4879 et
996 4825 1028 4879 D.
1042 4825 1209 4894 racsponn,
1230 4827 1343 4897 Lipsiae
1366 4829 1446 4898 1819)
1463 4845 1528 4883 num
1545 4830 1593 4883 uni
1611 4835 1707 4899 poetae

404 4908 449 4963 hio
469 4908 546 4963 10111
567 4909 759 4966 attribuendus
778 4919 859 4983 erret,
878 4912 1014 4968 dubitarit
1032 4912 1106 4984 (adn
1125 4917 1221 4984 199).
