3659 5509
757 456 800 526 13

113 629 305 701 Schmidtii
342 639 573 723 argumentum
606 632 761 701 refutem.
807 634 927 717 ‘stipite
960 635 1058 714 caim,
1092 632 1220 722 inquit,
1248 653 1435 716 5555555555

110 738 356 824 Prometheum,
389 742 420 806 ei
451 740 543 806 modo
576 745 624 805 eet
655 739 754 818 homo,
794 741 903 804 atatim
934 745 1065 805 55551551
1096 739 1183 805 obire
1215 759 1336 806 5555555
1367 740 1433 808 est.

110 864 205 910 num
222 866 303 912 vere
320 843 558 911 Prometheum
577 842 711 931 aquilae
732 842 969 911 crudelitatem
989 843 1062 912 sine
1081 843 1175 911 vitae
1193 842 1343 931 periculo
1360 847 1433 933 pati

110 948 277 1035 potuisse
299 948 488 1031 contendat,
511 950 550 1015 ‘ai
570 949 661 1015 modo
682 954 762 1015 ercet
783 948 905 1015 tomo’t
938 948 1002 1016 tali
1017 947 1223 1034 cogitatione
1236 947 1272 1014 in
1288 951 1434 1019 vetustis

113 1051 256 1120 fabulis
284 1052 551 1142 interpretandis
584 1052 638 1119 uti
667 1052 801 1120 minime
830 1052 921 1120 licet.
974 1058 1012 1121 ut
1042 1052 1184 1142 primum
1214 1051 1435 1124 Prometheus

117 1156 213 1225 deus
236 1164 299 1241 551,
322 1181 388 1226 555
411 1157 519 1226 homo.
554 1157 674 1225 deinde
689 1156 860 1225 Hesiodus
876 1180 918 1225 55
942 1158 1034 1225 solus
1051 1157 1184 1246 quidem
1199 1156 1435 1227 Prometheum

117 1260 256 1350 duplici
291 1285 398 1351 poena
430 1263 589 1331 affectum
622 1284 697 1330 esse
726 1262 853 1330 tradit:
885 1262 987 1330 etiam
1019 1262 1138 1351 stipite
1167 1284 1241 1330 eum
1264 1285 1339 1331 essa
1360 1286 1434 1353 per·

115 1389 261 1435 cussum
276 1368 470 1454 Aeschylus
493 1374 612 1435 narrat
635 1367 758 1453 (Prom.
782 1367 886 1435 51551.
907 1392 938 1434 v.
963 1368 1046 1448 6415
1067 1367 1123 1451 Κ,
1147 1365 1258 1435 Prom.
1282 1368 1343 1436 sol.
1367 1369 1433 1457 irg.

117 1471 193 1538 193
215 1471 273 1540 N*
293 1495 350 1561 pg.
373 1472 439 1559 64).
484 1495 591 1561 neque
614 1472 717 1541 aliter
738 1494 897 1540 vasorum
920 1473 1068 1560 pictores
1089 1495 1163 1541 rem
1184 1473 1338 1541 tradunt.
1376 1475 1435 1542 du·

113 1576 205 1664 pler
227 1575 420 1645 Promethei
440 1600 549 1666 poena
571 1577 623 1644 his
646 1577 785 1645 vasibus
807 1577 900 1665 picta
923 1585 993 1645 est:
1025 1578 1055 1645 1.
1077 1577 1238 1666 amphora
1260 1578 1435 1664 nigrarum

115 1681 311 1768 figurarum
340 1682 374 1749 in
404 1682 558 1771 sepulcro
591 1682 739 1750 Etrusco
768 1682 858 1770 apud
880 1682 991 1749 vicum
1020 1681 1078 1770 qui
1107 1681 1142 1749 la
1164 1680 1267 1751 Tolfa
1295 1690 1437 1753 5555155

119 1793 283 1874 reperto,
316 1787 358 1854 51.
386 1786 498 1876 jahrb.
529 1787 560 1854 d.
591 1787 681 1855 arch.
720 1787 799 1855 inst.
823 1786 876 1854 IV
900 1787 986 1854 1889
1015 1786 1085 1855 151).
1109 1788 1141 1854 5.
1165 1787 1196 1869 6,
1206 1817 1229 1857 ι.
1253 1825 1292 1835 -
1317 1789 1348 1856 2.
1374 1812 1434 1858 555

118 1889 237 1959 Clusii
266 1898 446 1980 repertum,
476 1892 585 1979 nigris
614 1891 733 1979 figuris
763 1896 971 1960 exornatum.
1005 1890 1091 1959 11155.
1115 1890 1227 1959 85551.
1252 1892 1346 1961 1722.
1393 1893 1434 1963 cf.

119 1996 219 2064 arch.
250 2003 318 2083 ntg.
348 1997 434 2065 1858
461 1998 530 2065 tab.
556 1997 661 2080 114,ι.
691 2035 735 2047 -
757 1997 787 2064 3.
812 1996 973 2084 amphora
996 1996 1169 2083 nigrarum
1192 1995 1377 2083 figurarum
1400 1999 1436 2067 in

124 2101 420 2170 Musvidoncnsi
443 2109 626 2171 servatum.
661 2102 703 2170 cf.
726 2102 816 2171 arch.
841 2108 911 2189 sig.
936 2103 1031 2184 1858,
1057 2101 1124 2169 tub.
1150 2101 1224 2185 114,
1236 2102 1304 2183 213.
1332 2142 1376 2153 -
1404 2105 1436 2173 4

122 2206 225 2274 vasis
255 2206 368 2293 magni
390 2207 499 2295 nigris
522 2207 642 2294 figuris
665 2208 820 2275 exornati
843 2208 1070 2294 fragmentum
1097 2205 1234 2274 Phaleri
1255 2215 1436 2295 repertum.

121 2311 170 2378 51.
203 2311 383 2379 Benndorf.
414 2311 474 2380 Gr.
507 2336 539 2380 u.
572 2312 637 2381 Sic
655 2312 698 2380 V.
721 2313 806 2396 54,5.
878 2311 1000 2401 quibus
1032 2310 1186 2378 omnibus
1223 2311 1259 2379 in
1290 2313 1435 2401 picturis

121 2415 349 2485 Prometheus
372 2417 492 2506 stipite
507 2441 688 2506 percussus
710 2417 761 2484 ita
776 2417 888 2506 pictus
904 2424 968 2501 est,
984 2423 1025 2483 ut
1039 2416 1180 2505 stipitis,
1197 2416 1256 2506 qui
1270 2440 1292 2485 a
1309 2439 1438 2486 summa

120 2520 173 2589 ad
199 2520 345 2589 infimam
379 2523 529 2611 corporis
562 2531 694 2613 partem
728 2525 840 2590 totum
870 2545 932 2610 per
963 2544 1094 2610 corpus,
1128 2543 1195 2589 non
1225 2521 1322 2590 velut
1347 2523 1437 2612 apud

121 2625 335 2714 Aeschylum
350 2649 411 2715 per
425 2633 544 2716 pectus
569 2627 731 2714 adigitur,
748 2649 909 2695 summum
924 2632 1059 2695 tantum
1082 2631 1118 2694 ct
1140 2626 1291 2695 infimam
1305 2634 1437 2716 purtem

122 2730 347 2817 cernamus¹).
399 2753 538 2820 quorum
563 2733 707 2798 omnium
730 2754 886 2800 vasorum
909 2731 1060 2820 pictores
1083 2730 1298 2818 Theogoniae
1320 2754 1438 2801 narra·

120 2835 253 2903 tionem
265 2835 394 2903 imitari
405 2836 478 2924 ipse
490 2836 696 2903 Schmidtius
707 2836 945 2924 comprobavit.
982 2834 1276 2923 unusCyrenaeae
1298 2843 1437 2925 paterae

122 2940 185 3028 (of.
209 2939 366 3009 Gerhard
388 2940 431 3009 A.
445 2942 488 3010 V.
502 2942 540 3009 B.
565 2943 614 3010 Π.
637 2943 694 3030 86)
716 2943 826 3030 pictor
852 2966 921 3009 rem
951 2943 1054 3011 aliter
1075 2942 1187 3031 pinxit
1208 2943 1263 3030 (51.
1287 2941 1439 3011 Schmidt

120 3045 186 3112 1.1.
210 3069 264 3134 pg.
289 3045 363 3128 114,
388 3045 472 3132 128).
517 3048 641 3136 quain
664 3054 784 3135 patera
807 3046 914 3134 nigris
938 3047 1058 3134 figuris
1081 3053 1203 3115 ornata
1215 3047 1435 3116 Prometheus

121 3148 293 3218 adversm
316 3150 502 3219 columnam
521 3151 678 3220 Doricam
690 3174 711 3220 a
723 3159 822 3238 tergo
836 3153 1044 3221 vinctusest.
1068 3152 1168 3220 155115
1181 3159 1294 3220 autem
1305 3152 1437 3222 intelle-

122 3255 247 3343 gimus,
271 3278 335 3344 quo
358 3257 454 3324 modo
478 3257 560 3324 haec
582 3257 811 3346 discrepantia
834 3265 910 3324 orte
933 3256 989 3325 sit.
1036 3258 1093 3346 qui
1108 3258 1194 3326 enim
1217 3257 1306 3326 tales
1329 3257 1437 3346 pictu-

125 3383 198 3444 ras,
227 3359 344 3448 quales
367 3361 530 3446 novimus,
555 3362 664 3429 minus
687 3369 844 3430 accurate
867 3362 1022 3431 imitatus
1045 3363 1102 3447 sit,
1125 3362 1226 3430 155115
1247 3367 1354 3430 totum
1378 3363 1438 3431 sti·
1517 3354 1519 3357 ’

124 3465 233 3553 pitem
256 3465 382 3552 fingere
399 3468 510 3555 potuit
524 3475 603 3556 post
617 3467 810 3535 Promethei
827 3490 948 3556 corpus
960 3472 1117 3536 stantem.
1140 3466 1197 3555 qui
1214 3467 1321 3556 stipes
1337 3467 1438 3537 155115

125 3571 165 3637 15
188 3570 382 3652 columnam,
406 3572 449 3639 ad
472 3595 570 3659 quam
593 3573 814 3641 Prometheus
836 3573 972 3640 vinctus
995 3578 1057 3656 551,
1081 3571 1206 3640 mutari
1228 3573 1350 3660 potuit.

219 3674 363 3744 Praeter
391 3699 517 3764 poenas
540 3701 594 3746 55.
617 3678 720 3764 52112
751 3678 875 3746 5115155
906 3676 1008 3745 51155
1037 3677 1143 3744 155115
1172 3683 1274 3766 atque
1302 3700 1342 3744 ea
1365 3699 1441 3765 gra·

127 3778 269 3847 5155155
295 3779 531 3849 Prometheum
565 3783 679 3851 affecit
710 3782 886 3872 Iuppiter:
920 3781 1059 3849 immisit
1091 3783 1122 3850 ei
1154 3780 1320 3870 aquilam,
1352 3804 1437 3871 quae

131 3883 225 3951 iecur
256 3884 329 3952 5155
361 3892 463 3952 55515
493 3909 707 3956 succrescens
740 3888 888 3955 interdiu
920 3887 1118 3955 comederet.
1172 3908 1245 3954 eam
1273 3885 1437 3955 Hercules

129 3995 251 4076 postea
294 3990 484 4074 1515515511,
526 4015 593 4081 qua
627 3992 809 4062 interfecta
841 3991 1062 4061 Prometheus
1097 3991 1228 4060 omnino
1261 3990 1438 4059 liberatur.

134 4092 367 4181 5555555515
389 4096 455 4163 ἀπὸ
477 4107 604 4164 νοῦσον
626 4099 768 4165 ἄλαλκεν
791 4099 874 4165 bene
897 4098 1006 4166 515515
1029 4119 1103 4165 5555
1126 4096 1294 4180 videntur,
1318 4095 1438 4184 quibus

134 4196 355 4269 Prometheus
373 4201 488 4269 morbo
510 4202 654 4270 affectus
677 4203 783 4271 151555
799 4203 934 4271 dicitur.
969 4202 1104 4269 morbus
1120 4202 1206 4270 enim
1230 4207 1284 4271 est
1306 4201 1437 4289 gravis·

133 4302 248 4386 simus,
271 4327 333 4373 nec
354 4328 444 4375 mors
466 4307 542 4394 ipsa
564 4307 596 4375 ei
618 4307 735 4391 instat,
760 4329 833 4375 cum
856 4307 939 4375 deus
962 4308 1018 4375 511.
1064 4307 1201 4375 iubente
1223 4329 1285 4375 nec
1301 4306 1437 4375 5515515

224 4502 250 4569 1)
276 4500 321 4556 Sic
339 4507 436 4570 aperte
454 4517 582 4557 rasorum
600 4502 725 4571 picturae
743 4501 969 4572 interpretandae
993 4508 1065 4557 sunt
1094 4501 1140 4570 qui
1158 4499 1281 4569 stipitem
1300 4514 1317 4554 a
1335 4514 1439 4556 summa

129 4586 167 4643 ad
191 4588 310 4645 intimam
335 4590 458 4660 corporis
484 4597 591 4660 partem
615 4607 666 4660 per
691 4607 791 4662 corpus
817 4591 945 4647 adamum
963 4589 1103 4646 delineare
1121 4589 1247 4657 55155511,
1272 4588 1366 4645 facere
1384 4605 1439 4644 555

129 4678 229 4746 potuit,
256 4680 321 4747 quin
340 4694 471 4736 summam
501 4687 608 4736 tantum
634 4687 662 4737 et
686 4681 805 4738 intimam
823 4682 926 4750 stipitis
946 4687 1052 4750 partem
1071 4679 1205 4747 pingeret.
1243 4678 1335 4734 nescio
1354 4678 1439 4747 igitur

129 4783 181 4823 cur
200 4766 366 4824 Schmidtius
384 4769 445 4841 (1.1.
466 4787 511 4841 pg.
527 4773 590 4842 126)
609 4787 663 4826 555
682 4772 834 4842 intellegat,
853 4774 915 4840 ‘quo
933 4769 1013 4824 modo
1031 4769 1115 4838 stipes
1133 4784 1193 4823 cun
1214 4768 1367 4824 1151551151
1383 4783 1439 4823 eor·

128 4873 196 4927 pore
221 4857 378 4927 5515551551,
404 4874 484 4929 quem
511 4866 539 4915 51
564 4875 649 4931 supra
672 4867 700 4917 et
725 4860 800 4916 infra
825 4873 961 4928 apparere
990 4864 1172 4926 5555555551,
1197 4864 1228 4913 ut
1246 4858 1381 4928 picturam
1399 4856 1438 4911 iu·

130 4945 300 5017 1511555555.
