3659 5509
1040 437 1063 508 2

399 611 500 682 hendi
516 636 615 703 posse
629 613 772 682 videret
809 613 984 702 antiquum
1007 614 1115 701 igitur
1136 636 1269 682 carmen
1290 615 1342 683 ita
1363 614 1580 698 restituebat,
1604 618 1644 683 ut
1665 611 1713 681 72

398 720 559 808 strophis,
583 742 668 808 quas
690 719 834 803 dicebat,
857 720 1055 786 constitutis
1078 741 1211 787 carmen
1226 720 1271 788 ad
1293 722 1359 786 360
1378 743 1500 788 versus
1522 720 1708 807 redigeret

397 826 541 893 similem
572 824 778 893 sententiam
812 824 854 891 de
883 824 1080 911 Theogonis
1114 825 1289 913 Gruppius
1322 826 1470 915 protulit
1502 825 1591 894 libro
1624 848 1708 893 suo:

401 930 495 998 ‘fiber
517 929 572 997 die
594 929 787 1016 Theogonis
810 928 870 997 des
892 929 1031 996 Hesicd’
1056 930 1293 1017 (coruram),
1316 954 1381 1019 quo
1405 938 1574 998 vetustam
1597 930 1711 998 Theo-

396 1035 531 1122 goniam
561 1034 605 1101 37
634 1033 785 1122 strophis
806 1034 1025 1121 compositam
1047 1035 1153 1102 fuisse
1176 1036 1391 1123 comprobare
1414 1035 1556 1103 studuit
1602 1035 1710 1102 etiam

396 1139 437 1206 G.
467 1138 690 1215 Hermanuus,
730 1139 788 1227 qui
823 1139 892 1206 iam
926 1161 1013 1206 anno
1048 1139 1144 1220 1817,
1180 1140 1221 1206 de
1254 1140 1466 1227 mythologie
1499 1140 1710 1208 Graecorum

395 1245 633 1333 antiquissima
667 1244 856 1327 disserens,
892 1242 1121 1330 Theogoniam
1152 1245 1323 1332 explicare
1346 1245 1499 1326 studuit,
1532 1267 1599 1334 qua
1633 1267 1709 1311 cos·

394 1349 584 1435 mogoniam
627 1349 742 1436 potius
780 1371 880 1436 quam
924 1350 1138 1436 theogonium
1176 1350 1344 1418 contineri
1380 1350 1571 1431 contendit,
1615 1350 1707 1416 anti·

394 1453 590 1541 quissimam
634 1453 774 1521 formam
818 1453 986 1540 indagans
1023 1454 1171 1543 Gruppii
1214 1455 1454 1544 Soetbceriquc
1499 1454 1706 1522 sententiam

395 1558 569 1646 amplexus
608 1564 669 1626 est.
736 1559 804 1642 t‘de
841 1558 923 1626 Hcs.
961 1559 1088 1646 Theog.
1133 1561 1241 1627 forma
1278 1560 1527 1648 antiquissima'
1564 1558 1708 1647 Lipsiae

395 1663 504 1746 1844).
549 1663 606 1752 qui
640 1685 763 1747 omnes,
793 1664 947 1751 quamvis
981 1664 1068 1732 mira
1102 1665 1143 1731 de
1170 1664 1384 1752 Theogoniac
1419 1666 1529 1732 forma
1554 1669 1591 1731 et
1616 1686 1705 1731 oom-

396 1768 565 1857 positicue
586 1768 789 1856 proferrent,
805 1769 846 1836 de
869 1776 1008 1837 auctore
1023 1770 1156 1858 quidem
1173 1770 1418 1838 dubitationem
1433 1793 1500 1838 non
1514 1774 1706 1837 moverunt

393 1873 578 1942 Hesiodum
601 1879 714 1941 autem
736 1896 818 1941 vere
840 1880 976 1961 poetam
998 1874 1105 1942 fuisse
1128 1874 1377 1943 Schoemannus
1392 1875 1533 1962 negavit
1547 1875 1615 1962 qui,
1628 1896 1707 1940 cum

395 1978 624 2066 Theogoniam
645 1977 824 2046 Pisistrati
846 1984 962 2046 aetate
984 1979 1198 2067 compilatam
1220 2003 1295 2047 esse
1319 1981 1539 2048 contenderet
1560 1979 1707 2046 aliorum

395 2084 503 2152 variis
532 2106 551 2151 e
582 2083 795 2168 carminibus,
825 2084 903 2151 huic
935 2085 1165 2173 compilationi
1188 2085 1291 2152 etiam
1315 2085 1438 2152 falsum
1460 2107 1588 2167 nomen,
1612 2085 1706 2173 quod

394 2189 438 2257 ad
460 2189 639 2256 arbitrium
661 2189 781 2255 fictum
803 2194 905 2272 esset,
929 2190 1073 2257 inditum
1096 2212 1170 2257 esse
1193 2190 1438 2257 arbitrabatur.
1482 2212 1590 2277 neque
1613 2191 1705 2256 enim

394 2299 487 2361 certo
509 2298 639 2382 poetae,
657 2294 717 2360 sed
731 2299 907 2381 poetarum
930 2295 1060 2362 cuidam
1083 2294 1184 2362 classi
1199 2318 1317 2363 nomen
1333 2295 1475 2362 Hesiodi
1497 2294 1706 2361 attributum

393 2399 500 2466 fnisse
511 2397 684 2465 iudicavit.
704 2398 843 2466 eandem
852 2398 907 2468 vel
920 2399 1064 2467 similem
1075 2399 1115 2467 de
1125 2400 1275 2467 Hesiodo
1288 2399 1491 2468 sententiam
1499 2398 1705 2467 Welckerus

394 2503 540 2592 protulit
568 2502 657 2570 libro
688 2526 759 2588 suo,
791 2503 855 2571 ‘die
885 2504 1107 2573 Hesiodische
1136 2504 1339 2592 Theogonie’
1371 2504 1562 2593 (Elberfeld
1590 2506 1704 2591 1865).

396 2607 612 2696 Theogoniae
634 2616 735 2697 pocta
759 2610 790 2676 ei
812 2611 1016 2678 veterrimus
1045 2615 1100 2677 est
1122 2610 1216 2677 illius
1239 2610 1377 2689 ordinis,
1401 2609 1459 2698 qui
1486 2609 1619 2676 omnino
1642 2603 1704 2677 no·

394 2714 482 2782 minc
505 2713 666 2781 ‘Hesiodi'
697 2715 750 2781 uti
773 2714 939 2800 solereut;
971 2738 1078 2804 neque
1100 2738 1202 2782 unum
1224 2737 1286 2784 nec
1308 2722 1436 2783 certum
1458 2716 1569 2783 virum
1593 2713 1703 2781 Theo-

393 2819 514 2906 goniac
535 2826 707 2886 auctorem
738 2819 845 2887 fuisse
867 2827 981 2907 negat,
1005 2843 1103 2910 quem
1125 2827 1238 2887 tamen
1260 2821 1303 2888 ab
1326 2821 1473 2908 Operum
1495 2827 1596 2908 poeta
1617 2819 1702 2887 alie·

391 2947 470 2991 num
493 2946 568 2992 csse
590 2925 771 2992 contendit.
809 2926 905 3014 atqui
928 2926 970 2993 de
993 2925 1134 2994 Hesiodi
1149 2949 1295 3014 persona
1307 2926 1476 3014 Operibus
1494 2925 1702 3013 comparatis

392 3051 458 3096 non
482 3029 670 3114 dubitabis;
701 3029 818 3098 videas
841 3036 953 3099 autem
977 3053 1111 3121 quaeso,
1143 3054 1243 3119 quam
1266 3030 1307 3098 de
1328 3031 1474 3098 carmine
1497 3030 1701 3098 seutentiam

391 3156 503 3202 secum
519 3134 638 3202 trahat
653 3134 734 3203 haec
745 3134 966 3204 Schoemanni
982 3137 1023 3204 dc
1038 3137 1188 3204 auctoris
1211 3158 1372 3224 persona:
1397 3156 1596 3224 quamquam
1611 3135 1700 3203 enim

391 3239 465 3328 ipse
477 3238 725 3307 Schoemanuus
737 3239 1004 3308 Hermannorum
1017 3247 1052 3308 et
1067 3241 1318 3328 Koechlyorum
1335 3241 1507 3329 ‘strophis’
1524 3239 1700 3308 vehemen-

391 3351 446 3412 ter
479 3350 534 3413 est
564 3344 750 3428 oblocutus,
781 3346 890 3433 ipsum
921 3347 961 3414 de
985 3347 1236 3415 recensionibus
1259 3347 1460 3435 quibusdam
1483 3344 1700 3432 Theogoniae

392 3449 544 3536 cogitare
570 3471 707 3517 necesse
737 3456 828 3536 crat;
859 3450 1143 3538 interpolationes
1175 3474 1241 3518 non
1273 3457 1371 3519 curat
1403 3457 1541 3539 praeter
1574 3472 1699 3537 paucos

392 3577 523 3638 versus,
554 3576 637 3643 quos
669 3561 790 3642 postca
819 3555 961 3623 ornandi
983 3579 1086 3625 causa
1108 3556 1244 3624 additos
1268 3556 1449 3624 contendit.
1496 3554 1557 3623 sed
1579 3577 1620 3622 ne
1643 3576 1698 3621 ex·

391 3666 486 3728 stare
509 3660 640 3748 quidem
663 3660 719 3728 vel
743 3660 918 3750 exstitisse
941 3661 1209 3750 antiquissimam
1232 3662 1378 3751 aliquam
1394 3667 1525 3750 partem
1541 3659 1699 3728 carminis

391 3770 515 3847 censet,
540 3787 612 3832 cum
629 3763 858 3852 Theogoniam
873 3787 981 3853 prava
1002 3765 1269 3853 fragmentorum
1292 3765 1490 3833 collectione
1513 3764 1699 3853 perfectam

391 3891 465 3938 esse
487 3869 678 3937 contendat.
733 3869 929 3957 Koechlyus
959 3876 1073 3938 autem
1105 3869 1260 3957 Gruppii,
1291 3870 1476 3952 Soetbeeri,
1511 3866 1699 3936 Hermanni

392 3973 539 4061 vestigia
572 3981 708 4041 secutus
731 3973 958 4061 Theogoniam
992 3973 1096 4042 semel
1130 3973 1275 4060 singulis
1307 3975 1479 4062 ‘strophis'
1512 3973 1699 4041 confectam

391 4078 499 4147 fuisse
527 4101 595 4146 uon
619 4078 704 4145 satis
728 4078 855 4146 habens
879 4078 964 4145 duas
987 4079 1199 4146 recensiones
1233 4079 1340 4147 fuisse
1362 4079 1535 4147 contendit
1558 4077 1624 4163 (‘de
1646 4076 1695 4143 di·

390 4182 501 4251 versis
523 4179 713 4250 Hesiodeac
736 4181 952 4269 Theogoniae
974 4183 1151 4271 partibus’,
1176 4183 1292 4252 Turici
1315 4185 1426 4272 1860).
1469 4183 1613 4273 primum
1634 4181 1697 4249 sci·

390 4287 472 4356 licet
490 4287 666 4356 exstitisse
682 4285 910 4375 Theogoniam
936 4288 1083 4377 aliquam
1105 4290 1140 4356 in
1155 4289 1342 4378 particulas
1359 4289 1505 4357 divisam
1527 4288 1697 4355 trinorum

388 4414 567 4477 versuum,
584 4415 656 4461 eam
679 4398 799 4481 postea
820 4401 954 4461 auctam
977 4415 1060 4476 esse,
1079 4394 1129 4462 ita
1144 4401 1183 4463 ut
1199 4393 1413 4483 Theogoniae
1428 4392 1698 4481 particularium

389 4497 501 4586 quinis
531 4497 687 4566 versibus
717 4504 832 4566 essent
862 4499 1076 4586 compositae.
1121 4505 1300 4590 utramque
1322 4500 1548 4568 recensionem
1571 4519 1612 4564 ex
1634 4495 1699 4564 hac

388 4608 507 4670 nostra
529 4601 724 4690 Theogonis
753 4604 938 4671 restituere
968 4611 1108 4672 conatus
1131 4610 1193 4672 est.
1240 4627 1306 4694 qua
1334 4605 1369 4671 in
1392 4626 1428 4672 rs
1451 4598 1698 4690 comprobanda

388 4708 500 4776 virum
521 4707 732 4794 ingeniosum
754 4731 821 4776 non
843 4709 946 4777 aliter
968 4732 1066 4798 quam
1096 4709 1203 4777 libero
1227 4732 1347 4796 gressu
1371 4707 1523 4795 grassari
1543 4705 1698 4794 potuisse

388 4812 491 4881 facilc
514 4812 610 4881 vides
619 4811 645 4900 1)
667 4836 773 4902 neque
795 4814 831 4882 id
854 4812 1103 4883 Schcemannus
1125 4814 1162 4881 in
1178 4813 1394 4901 Theogoniae
1409 4817 1593 4881 commento
1614 4808 1697 4896 t‘dic

481 4954 509 5031 1)
528 4952 570 5010 Cf.
591 4953 730 5011 Hesiodea
748 4953 809 5012 edd.
829 4955 952 5028 Koechly
971 4962 999 5013 et
1017 4955 1125 5026 Rinkel,
1143 4955 1257 5028 Lipsiae
1276 4960 1352 5013 1870.
