3659 5509
104 623 157 692 94
180 630 439 693 commemorata
459 625 569 713 prim
589 624 713 693 mulier
732 624 871 692 videtur
892 646 978 704 esse,
994 623 1055 692 sed
1070 631 1165 693 certe
1179 623 1351 714 quaedam,
1368 622 1420 692 cui

106 729 179 795 soli
214 729 305 797 vitae
336 730 498 797 humanae
528 730 730 818 depravatio
760 730 890 796 crimini
922 731 1033 796 detur.
1083 752 1165 796 voce
1194 730 1280 814 γυνή
1302 729 1421 795 horum

105 855 277 900 versuum
306 842 408 921 poeta
437 835 488 901 ita
517 843 572 901 cst
600 858 693 916 usus,
725 841 765 899 ut
786 857 861 901 eum
884 834 927 900 de
948 834 1010 900 hee
1032 834 1171 901 muliere
1193 841 1296 902 antea
1318 834 1422 901 verbs

105 938 243 1006 fecisse
262 960 399 1006 necesse
421 939 469 1005 sit
489 938 660 1026 colligere.
675 977 720 988 -
739 946 780 1006 ut
802 938 903 1005 huius
924 939 1061 1005 fabulae
1084 961 1218 1005 sensum
1242 937 1421 1026 explicent,

104 1042 182 1109 viri
209 1043 300 1110 docti
321 1043 442 1110 Babrii
462 1043 615 1111 fabulum
636 1045 680 1110 58
702 1044 827 1111 afferre
849 1044 962 1111 solent
981 1066 1067 1132 quae
1099 1065 1298 1132 quemquam
1319 1043 1423 1110 aliter

108 1154 170 1214 est
194 1156 392 1236 comparata
413 1147 458 1215 ad
477 1147 566 1215 idem
588 1154 733 1236 spectet,
754 1148 843 1236 quod
865 1148 927 1215 illa
951 1149 1120 1237 explicare
1143 1148 1278 1215 studet:
1305 1168 1422 1236 nempe

107 1251 157 1318 ad
190 1252 286 1320 vitae
316 1254 480 1319 humanae
509 1253 795 1342 depravationem.
846 1253 969 1320 Babrii
1000 1259 1113 1321 autem
1141 1260 1321 1342 praestare
1342 1252 1423 1319 mihi

105 1356 257 1424 videtur
276 1357 362 1439 huic,
385 1379 472 1445 quae
493 1356 640 1445 Operum
662 1358 819 1425 versibus
834 1359 988 1425 90-104
1002 1359 1171 1425 traditur:
1194 1358 1249 1425 hic
1263 1357 1350 1425 enim
1367 1357 1423 1424 do·

106 1459 201 1528 lium
235 1462 323 1549 quod
354 1462 508 1549 aperitur
538 1463 649 1529 omnia
681 1463 771 1530 bona
800 1463 961 1546 continet,
991 1486 1078 1552 quse
1107 1462 1197 1531 dolio
1229 1469 1347 1551 operto
1380 1461 1425 1530 sd

108 1565 200 1633 deos
223 1566 418 1652 confugiunt
451 1589 520 1634 una
549 1567 618 1655 Spa
654 1573 814 1656 excepta,
856 1590 944 1656 quae
989 1568 1077 1636 sicut
1112 1568 1148 1635 in
1178 1566 1345 1656 Operibus
1381 1588 1425 1634 ne

109 1670 264 1757 effugiat
291 1671 482 1759 impeditur.
533 1694 652 1740 sensus
680 1672 819 1739 fabulae
848 1673 903 1739 hic
926 1679 995 1740 est:
1029 1674 1118 1740 bona
1139 1673 1173 1738 in
1196 1672 1322 1740 dolium
1344 1677 1427 1738 sunt

109 1774 262 1859 inclusa,
292 1783 333 1843 ut
354 1775 506 1843 homiues
526 1777 571 1844 iis
592 1777 762 1844 fruantur.
808 1778 886 1844 dum
913 1778 949 1844 in
973 1777 1064 1845 dolio
1084 1782 1174 1862 sunt,
1204 1778 1291 1846 bona
1323 1781 1426 1864 utque

111 1879 206 1947 felix
215 1880 290 1949 vite
302 1881 491 1948 hominibus
506 1887 561 1949 est
574 1887 778 1970 comparata
802 1881 926 1949 dolium
942 1884 1109 1970 aperitur:
1126 1882 1244 1950 stetim
1258 1881 1427 1967 effugiunt

110 1992 234 2053 cetere
255 1986 352 2070 bonu,
373 1985 448 2054 sols
470 1985 555 2074 Spes
577 1993 730 2054 romanet
751 1987 842 2075 apud
863 1988 1030 2055 homines:
1052 1989 1169 2072 τοιγὰρ
1183 1985 1277 2064 ἐλπὶς
1293 1986 1426 2070 ἀνθρώ

110 2110 197 2167 ποις
215 2090 220 2175 Ι
239 2092 326 2175 μόνη
340 2092 485 2158 σύνεστι.
523 2113 609 2180 quae
625 2092 734 2177 igitur
748 2093 785 2158 in
800 2092 924 2159 dolium
943 2098 1024 2159 sunt
1038 2091 1179 2173 incluse,
1202 2091 1237 2158 in
1252 2095 1425 2179 potestate

111 2193 218 2281 quusi
246 2194 413 2261 hominum
442 2200 538 2262 sunt:
573 2196 609 2262 in
632 2196 799 2284 Operibus
825 2203 937 2263 autem
960 2219 1045 2286 quae
1075 2200 1111 2262 in
1142 2195 1232 2263 dolio
1262 2200 1342 2263 sunt
1374 2216 1426 2262 se·

111 2304 303 2365 cernuntur
329 2322 351 2366 a
379 2300 454 2366 vitu
480 2300 636 2368 humana
681 2300 771 2368 dolio
795 2309 914 2388 aperto
937 2302 1026 2369 mala
1047 2303 1240 2390 irrumpunt
1260 2301 1296 2367 in
1319 2299 1425 2368 vitam

111 2401 311 2486 humanam,
341 2402 427 2491 Spes
449 2411 562 2472 eutem
591 2405 716 2472 iterum
738 2405 938 2473 includitur:
962 2428 1028 2495 qua
1050 2406 1085 2473 in
1106 2406 1302 2474 narratione
1325 2404 1425 2470 valde

111 2506 238 2573 mirum
261 2529 335 2576 esse
357 2508 503 2592 videtur,
534 2509 622 2598 quod
650 2532 719 2577 una
750 2532 823 2577 cum
851 2510 952 2577 melis
975 2510 1060 2598 Spes
1088 2511 1122 2577 in
1146 2510 1272 2577 dolium
1295 2507 1426 2576 inclusa

113 2633 194 2679 esse
216 2612 350 2679 dieitur.
394 2620 431 2680 et
460 2613 673 2682 offenderunt
700 2614 764 2682 huc
790 2615 828 2681 in
857 2638 895 2682 re
924 2616 1115 2682 iamdudum
1137 2615 1205 2682 viri
1228 2613 1318 2681 docti
1347 2612 1426 2679 inde

112 2716 158 2782 ab
183 2716 396 2799 Aristarcho,
420 2718 478 2806 qui
501 2719 663 2806 quomodo
686 2718 794 2786 locum
817 2720 986 2807 explicare
1008 2719 1180 2787 studuerit
1196 2717 1358 2786 Proculus
1381 2716 1425 2783 ad

114 2819 181 2908 Op.
204 2845 237 2889 v.
260 2822 303 2889 97
324 2823 503 2890 memoriae
524 2822 684 2910 prodidit
720 2821 882 2891 Lehrsius
906 2825 1055 2893 homines
1078 2825 1187 2914 Spem,
1215 2846 1288 2891 cum
1311 2823 1346 2889 in
1369 2821 1425 2887 do·

111 2924 200 2991 lium
221 2925 352 2994 inclusa
374 2927 431 3010 sit,
454 2927 489 2993 in
511 2933 684 3014 potestate
707 2949 769 2995 sua
791 2930 975 2997 retinuisse
991 2930 1083 3011 dicit,
1107 2930 1161 2996 oui
1178 2928 1424 2996 Sohoomannus

114 3029 305 3097 assentitus
335 3036 398 3097 est.
444 3029 504 3097 sed
526 3030 617 3097 mala
645 3037 763 3118 aperte
791 3031 867 3099 ideo
889 3034 924 3099 in
948 3034 1072 3100 dolium
1094 3034 1225 3100 inclusa
1248 3037 1355 3112 erant,
1386 3035 1426 3096 ut

113 3141 373 3202 secernerentur
401 3135 519 3202 avite
550 3135 712 3220 hnmana;
743 3136 860 3226 itaque
891 3137 977 3226 Spes
1012 3140 1042 3205 si
1075 3138 1111 3205 in
1142 3138 1232 3205 dolio
1261 3135 1426 3203 remansit

115 3240 222 3306 etiem
244 3262 331 3306 nunc
353 3246 485 3307 secreta
507 3262 583 3307 esse
604 3240 742 3308 videtur
760 3264 782 3308 a
796 3243 870 3309 vite
893 3243 1070 3324 hominnm,
1094 3244 1215 3332 quibus
1228 3263 1271 3308 ne
1287 3261 1425 3328 sperare

114 3342 252 3431 quidem
274 3344 375 3410 liceat
397 3343 578 3411 seeundum
600 3343 686 3412 hano
708 3344 867 3413 fsbnlem.
911 3348 955 3414 iis
977 3353 1089 3415 autem
1111 3347 1169 3435 qui
1191 3345 1291 3434 Spem
1316 3344 1425 3432 ipsum

114 3449 150 3514 in
183 3447 282 3515 malis
308 3448 546 3516 numerandam
568 3470 643 3515 esse
666 3449 824 3518 dixerunt
861 3453 1049 3519 rectissime
1078 3453 1145 3520 iam
1167 3449 1391 3518 Aristarchus
1401 3448 1425 3534 ¹)

115 3558 153 3619 et
176 3550 423 3621 Sohoomannus
453 3552 602 3620 oblocuti
631 3562 721 3621 sunt.
765 3555 878 3623 nescio
907 3580 951 3625 an
974 3556 1206 3643 Goettlingius
1236 3555 1311 3622 iure
1335 3552 1425 3620 Thu-

119 3656 276 3742 cydidem
299 3663 335 3724 et
356 3656 552 3744 Sophoclem
574 3657 708 3741 afferat,
740 3664 780 3725 ut
809 3682 901 3748 spem
931 3662 964 3727 in
995 3660 1094 3728 malis
1122 3661 1273 3728 habitam
1301 3680 1376 3726 esse
1405 3681 1426 3725 a

117 3759 261 3828 Graecis
284 3762 483 3849 comprobet.
528 3784 635 3850 neque
658 3764 745 3830 enim
767 3770 894 3833 temere
914 3765 1112 3854 Sophoclem
1127 3765 1196 3852 (Αἰ.
1207 3764 1283 3831 473.
1307 3762 1424 3848 Antig.

118 3864 196 3952 615)
218 3866 398 3954 praecipue
421 3872 541 3934 contre
562 3867 771 3955 Aeschylum
801 3878 933 3937 certare
962 3871 1043 3938 mihi
1071 3870 1190 3939 videor
1216 3867 1425 3947 contendere,

119 3969 177 4056 qui
192 3968 293 4057 Spem
315 3991 396 4040 sene
418 3970 453 4036 in
470 3970 567 4038 bonis
584 3971 714 4041 habuit.
753 3974 907 4041 conferas
923 3974 1115 4043 Promethei
1130 3996 1250 4042 versus
1265 3971 1367 4054 25214
1378 3973 1423 4036 K:

341 4078 411 4141 XO.
443 4076 481 4141 τὸ
502 4086 603 4142 ποῖον
625 4077 735 4162 εὑρὼν
757 4080 857 4163 τῆσδε
881 4081 1059 4165 φάρμακον
1080 4083 1202 4159 νόσους

340 4182 412 4246 ΠΡ.
444 4180 573 4266 τυφλὰς
594 4179 632 4246 ἐν
654 4179 768 4259 αὐτοῖς
790 4181 929 4261 ἐλπίδας
948 4184 1124 4273 κατῴκισα.

338 4286 407 4349 XO.
441 4282 512 4368 μέγ’
536 4283 695 4370 ὠφέλημα
717 4285 806 4353 τοῦτ’
830 4286 988 4374 ἐδωρήσω
1010 4294 1154 4374 βροτοῖς.

118 4385 255 4453 dubium
287 4408 355 4453 non
384 4391 438 4454 est
466 4386 548 4475 quin
570 4387 764 4474 Aeschylus
787 4389 900 4477 Spem,
937 4393 1089 4480 quamvis
1121 4395 1212 4460 esset
1233 4388 1353 4474 τυφλέ,
1387 4385 1422 4452 in

117 4489 231 4574 honis,
261 4512 328 4557 non
358 4491 393 4557 in
421 4490 520 4559 malis
545 4490 712 4559 habuerit.
767 4494 884 4562 eadem
907 4497 1080 4566 sententie
1102 4494 1219 4564 Babrii
1241 4492 1357 4562 fabule
1379 4491 1423 4558 58

207 4744 234 4811 1)
252 4739 436 4809 decoctorem
459 4740 527 4797 dicit
549 4740 697 4798 Hesiodum
723 4744 805 4814 Spem
829 4746 858 4802 in
883 4748 963 4804 malis
987 4755 1182 4805 numerantem.
1223 4744 1242 4816 ἡ
1266 4743 1320 4815 γὰο
1345 4738 1423 4806 linis

116 4836 213 4885 muse
231 4828 284 4884 oia
302 4825 386 4899 ἔστιν,
409 4830 467 4885 ἀλλ’
486 4831 616 4899 ἀγαθῶν.
652 4832 692 4887 sic
710 4836 812 4903 optime
835 4836 967 4893 scholium
986 4837 1138 4894 emendcvit
1157 4834 1422 4892 lloorschelmaunor

116 4918 180 4988 (cot
200 4933 256 4973 soc.
275 4918 352 4988 Lips.
370 4919 408 4975 lv
426 4922 500 4990 332).

1167 5016 1213 5084 3*
