3659 5509
1036 453 1080 523 46

403 630 503 698 bulae
533 630 631 698 initio
661 630 844 698 indicatum
876 629 1095 717 sequentibus
1117 627 1283 710 versibus,
1313 634 1353 694 ut
1374 626 1530 710 vidimus,
1554 631 1707 715 apertum
1811 655 1813 684 ι

399 736 457 802 fit:
481 735 600 802 mulier
622 739 758 802 creatur
773 735 891 823 prima,
911 758 932 801 a
954 757 1020 823 qua
1043 741 1150 800 totum
1175 734 1334 799 muliebre
1350 755 1459 820 genus
1481 732 1615 821 pendet.
1645 732 1707 798 hac

402 841 502 907 dere
525 840 682 907 dubitare
712 863 777 907 uon
808 840 897 922 licet,
933 860 1132 927 quamquam
1153 839 1284 904 ultimis
1306 838 1441 905 fabulae
1465 837 1620 904 versibus
1643 836 1707 921 (83,

399 946 455 1032 89)
479 945 514 1011 id
537 945 624 1033 quod
647 950 796 1012 creatum
819 950 873 1011 est
895 946 996 1021 δόλος
1017 944 1119 1020 clude
1140 947 1274 1009 tautum
1296 949 1331 1008 et
1352 945 1456 1008 κακόν
1480 940 1612 1009 dicitur.
1643 940 1706 1007 boc

399 1050 451 1118 ita
473 1049 653 1117 instituere
675 1056 795 1138 poetae
819 1071 900 1116 saue
922 1049 1028 1130 licuit,
1046 1049 1102 1135 qui
1126 1070 1195 1114 rem
1219 1047 1284 1113 iam
1304 1052 1405 1114 autea
1427 1048 1478 1114 ita
1501 1044 1704 1133 exposuerit,

399 1160 438 1222 ut
461 1154 563 1221 dubia
591 1176 665 1221 esse
695 1177 760 1220 uon
792 1159 909 1241 posset
921 1153 952 1239 ¹).
1017 1175 1077 1219 nec
1115 1151 1221 1218 solum
1254 1152 1395 1240 primam
1429 1151 1600 1218 mulierem
1633 1172 1705 1217 cre·

400 1264 493 1327 atum
515 1259 559 1325 iri
581 1257 733 1326 indicant
755 1281 811 1326 vv.
834 1258 973 1338 60-64,
991 1258 1051 1323 sed
1068 1256 1169 1325 etiam
1186 1258 1337 1324 omnibus
1353 1279 1425 1323 eam
1441 1256 1515 1323 fore
1531 1255 1705 1323 amandam

400 1363 551 1430 indicant
582 1386 638 1431 vv.
662 1363 802 1445 fro-66,
834 1367 874 1428 ut
896 1364 1047 1448 exposui,
1078 1383 1139 1429 nec
1161 1361 1283 1428 desunt
1305 1384 1435 1445 versus,
1466 1360 1525 1448 qui
1546 1359 1705 1427 mulieres

398 1467 569 1554 improbas
592 1473 627 1534 et
650 1466 784 1534 dolosas
808 1488 882 1534 esse
904 1468 1049 1554 probent
1070 1470 1136 1548 (vv.
1160 1467 1285 1551 67168).
1320 1466 1382 1531 hae
1404 1472 1517 1533 autem
1536 1469 1614 1532 sunt
1635 1485 1703 1544 res,

401 1593 485 1659 quas
517 1572 690 1659 expositas
724 1594 799 1638 esse
830 1592 966 1638 necesse
1001 1576 1077 1637 erat
1108 1593 1148 1637 ea
1179 1570 1381 1651 narratione,
1415 1572 1468 1638 cui
1491 1569 1705 1637 edicerentur

400 1697 531 1761 versus,
560 1675 617 1764 qui
642 1674 855 1761 Theogoniae
887 1675 1116 1742 narrationem
1139 1675 1341 1743 concludunt
1368 1674 1577 1760 (rm—612).
1620 1694 1703 1762 quos
1812 1725 1813 1756 ,

400 1802 520 1847 versus
550 1780 580 1847 si
610 1780 671 1847 hoc
701 1780 773 1846 loco
804 1780 928 1847 iterum
961 1788 1118 1847 accurate
1141 1780 1327 1867 perlegeris
1359 1802 1418 1847 uec
1440 1782 1562 1847 bonam
1591 1799 1703 1846 eorum
1812 1767 1813 1786 ³

400 1886 565 1952 rationem
586 1907 648 1953 nec
670 1885 812 1974 denique
836 1907 969 1951 sensum
992 1884 1191 1971 neglexeris,
1216 1884 1350 1950 dubium
1374 1885 1440 1951 iam
1462 1907 1529 1951 non
1552 1905 1625 1951 csse
1646 1903 1702 1970 po·

400 1990 493 2072 terit,
518 1990 597 2077 quin
619 1989 699 2056 olim
722 1990 915 2076 exceperint
933 1989 1079 2077 Operum
1100 2013 1131 2056 v.
1147 1990 1201 2056 89.
1224 1990 1308 2077 ipsis
1324 1990 1374 2056 his
1390 1990 1546 2057 versibus
1562 1987 1701 2056 adiectis

400 2095 435 2161 id
458 2094 589 2162 demum
612 2093 770 2177 efficitur,
786 2101 825 2161 ut
847 2096 954 2161 totius
978 2093 1113 2161 fabulae
1136 2118 1255 2162 seusus
1279 2101 1381 2183 atque
1404 2094 1579 2161 consilium
1602 2114 1701 2181 appa·

399 2205 507 2282 reant,
531 2221 604 2265 cum
626 2197 660 2264 id
684 2200 793 2286 ipsum
815 2200 994 2287 proferant
1015 2199 1104 2287 quod
1127 2221 1230 2287 supra
1253 2201 1322 2287 (pg.
1345 2199 1401 2285 33)
1424 2199 1545 2287 exponi
1567 2218 1701 2265 necesse
1812 2211 1813 2216 ’

401 2326 476 2371 esee
497 2303 655 2370 vidimus.
709 2310 812 2392 atque
842 2304 895 2370 his
925 2304 1055 2370 demum
1079 2305 1234 2371 versibus
1258 2305 1401 2371 adiectis
1423 2309 1499 2372 tota
1521 2301 1637 2370 fabula
1659 2300 1702 2367 ad

400 2408 557 2476 carminis
580 2415 812 2494 argumentum
842 2408 894 2475 ita
916 2409 1163 2475 accommodata
1185 2418 1248 2492 est,
1280 2415 1320 2477 ut
1342 2432 1409 2496 qua
1431 2410 1472 2475 de
1495 2430 1598 2476 causa
1620 2405 1701 2493 Ope

400 2513 495 2580 ribus
528 2511 657 2579 ineerta
691 2513 738 2579 sit
771 2512 1027 2598 intellegamus:
1062 2536 1180 2601 nempe
1214 2523 1249 2580 et
1283 2536 1414 2581 carmen
1449 2520 1485 2580 et
1516 2511 1635 2580 fabula
1662 2510 1702 2576 de

399 2616 573 2684 laboribus
610 2617 812 2683 necessariis
851 2623 968 2703 agunt.
1036 2619 1196 2686 habemus
1233 2619 1355 2703 igitur,
1401 2639 1599 2706 quamquam
1638 2616 1702 2683 alio

398 2721 472 2789 loco
507 2721 666 2805 traditos,
704 2722 797 2809 ipsos
836 2744 956 2788 versus
997 2723 1118 2811 quibus
1157 2722 1302 2810 Operum
1338 2730 1439 2810 poeta
1475 2720 1701 2790 narrationem

399 2848 494 2894 auam
545 2825 586 2892 de
636 2827 765 2913 primae
818 2826 969 2893 mulieris
1020 2828 1150 2912 origiue
1195 2828 1368 2895 conclusit.
1435 2851 1497 2895 nec
1542 2826 1700 2893 audacius

397 2953 451 2999 me
482 2930 544 2998 hoc
574 2931 773 2998 contendere
805 2931 912 3013 dices,
948 2931 978 2996 si
1011 2933 1114 2999 etiam
1148 2932 1191 2999 ad
1225 2933 1286 2998 boc
1319 2934 1463 2999 animum
1495 2931 1699 3000 adverteris:

399 3035 613 3122 Theogoniae
632 3034 858 3122 interpolator
875 3057 957 3102 usus
976 3042 1030 3103 est
1044 3035 1189 3124 Operum
1207 3039 1402 3104 narratione
1420 3038 1470 3105 eis
1485 3037 1699 3125 temporibus,

398 3139 520 3229 quibus
542 3161 662 3206 versus
684 3139 815 3207 69-82
837 3141 971 3227 quidem
995 3149 1086 3208 certe
1109 3142 1253 3208 nondum
1277 3150 1375 3208 erant
1396 3141 1605 3231 interpolati.
1643 3141 1700 3207 hoc

398 3245 450 3313 ita
472 3266 546 3312 esse
569 3266 670 3310 exeo
694 3246 862 3331 apparuit,
892 3245 982 3332 quod
1003 3269 1122 3313 nomeu
1145 3247 1330 3330 Pandorae,
1363 3248 1451 3336 quod
1473 3249 1526 3315 his
1549 3246 1700 3315 versibus

398 3349 560 3432 traditur,
583 3348 617 3414 in
648 3347 863 3434 Theogoniae
892 3350 1154 3438 interpolatione
1184 3375 1250 3419 nou
1281 3357 1404 3421 exstat.
1450 3352 1570 3420 deiude
1593 3357 1701 3420 autem

399 3458 475 3523 arte
504 3452 595 3519 inter
625 3474 662 3519 se
690 3475 764 3520 ease
787 3454 983 3522 coniunctos
1006 3480 1061 3522 vv.
1085 3459 1215 3524 69-82
1239 3464 1274 3524 et
1297 3483 1350 3526 vv.
1375 3459 1527 3529 90-104
1549 3458 1700 3545 coguovi-

398 3579 482 3625 mus.
528 3556 635 3624 eidem
665 3557 902 3645 interpolatori
936 3567 1026 3627 certe
1058 3562 1266 3629 attribuendi
1300 3570 1380 3630 sunt
1409 3565 1533 3631 iterum
1564 3570 1700 3652 propter

399 3660 575 3730 Pandorae
598 3684 725 3746 nomeu,
749 3662 836 3750 quod
859 3664 1000 3732 allatum
1024 3687 1098 3733 esse
1121 3667 1247 3752 debuit,
1277 3676 1456 3757 antequam
1478 3669 1596 3736 fabula
1619 3667 1700 3736 Pan·

399 3767 502 3834 dorae
523 3774 732 3852 narraretur,
761 3769 940 3856 praecipue
963 3792 1036 3837 cum
1059 3772 1091 3837 iu
1116 3771 1200 3859 ipsis
1224 3774 1379 3840 versibus
1402 3773 1537 3841 aliunde
1561 3774 1702 3862 sumptis

397 3894 464 3940 non
493 3877 655 3939 exstaret.
707 3894 787 3958 ergo
818 3896 890 3940 cum
921 3874 1135 3961 'theogoniae
1165 3877 1387 3965 interpolator
1414 3878 1559 3967 Operum
1588 3900 1702 3947 narra·

399 3976 523 4044 tionem
555 3976 590 4041 iu
619 3998 716 4043 suum
745 3999 842 4043 usum
869 3986 1092 4064 converteret,
1123 4003 1189 4047 non
1218 3982 1324 4049 solum
1355 4006 1420 4050 non
1445 3990 1546 4052 aucta
1569 3982 1703 4050 exstitit

399 4080 554 4149 versibus
577 4080 716 4165 69-82,
741 4082 800 4149 sed
823 4083 926 4151 etiam
942 4085 1086 4169 integra.
1121 4086 1288 4154 conclusio
1301 4087 1388 4155 enim
1401 4088 1537 4156 fabulae
1549 4089 1702 4156 versibus

399 4184 552 4252 90-104
567 4184 696 4252 demum
719 4186 861 4254 adiectis
884 4196 1013 4256 remota
1036 4195 1098 4257 est.
1135 4190 1175 4257 de
1199 4191 1260 4258 bac
1281 4215 1318 4260 re
1338 4193 1446 4281 igitur
1464 4193 1622 4263 dubitare
1640 4216 1702 4262 uon

399 4288 497 4373 licet,
530 4289 612 4377 quin
646 4291 776 4357 omuino
809 4294 962 4379 potuerit
993 4294 1101 4381 ipsam
1123 4294 1268 4383 Operum
1302 4298 1545 4367 conclusionem
1579 4300 1703 4368 iterare

402 4393 617 4480 Theogoniae
646 4395 882 4483 interpolator.
937 4402 1040 4486 atque
1072 4397 1134 4466 hac
1163 4422 1293 4489 quoque
1321 4403 1526 4488 cogitatione
1556 4427 1703 4492 compro·

400 4498 483 4567 bare
497 4498 577 4566 mihi
592 4499 711 4568 videor
726 4499 940 4587 Theogoniae
962 4526 1018 4570 vv.
1031 4502 1204 4572 590-612
1226 4507 1333 4593 ipsam
1356 4529 1430 4575 esse
1452 4508 1547 4577 illam
1569 4509 1702 4578 fabulae

492 4729 519 4798 l)
538 4730 628 4785 Aliter
646 4729 681 4786 dc
700 4731 876 4802 Theogoniae
893 4733 1093 4803 interpolatore
1110 4735 1285 4793 iudicandum
1303 4745 1354 4805 est,
1374 4740 1421 4809 qui
1439 4757 1497 4796 rem
1514 4748 1573 4798 tam
1591 4744 1703 4799 obscure

402 4818 542 4886 accunt,
554 4824 586 4873 ut
598 4819 672 4888 apud
691 4836 752 4875 eum
770 4822 861 4878 verbis
882 4823 971 4877 καλὸν
987 4823 1077 4878 κακὸν
1096 4827 1131 4896 (r.
1142 4829 1207 4900 585)
1225 4834 1254 4882 et
1273 4827 1357 4884 dolor
1375 4828 1465 4885 αἰπύν
1483 4833 1561 4904 (589)
1571 4831 1703 4890 dubitatio

401 4906 485 4963 ctiam
501 4913 643 4978 angatur,
