3659 5509
760 414 803 483 23

110 606 234 657 cause.
256 587 345 677 ignis
364 610 446 657 usus
461 588 650 657 hominibus
673 587 751 658 olim
774 610 839 657 non
862 588 987 658 fuisset
1009 589 1129 677 exponi
1145 587 1299 657 debebat.
1338 607 1440 656 causa

108 693 211 761 enim
231 694 411 763 secundnm
424 701 575 763 veterum
591 696 757 763 bominum
773 695 961 784 opinionem
979 696 1095 764 divina
1110 696 1199 783 ignis
1213 699 1337 762 natura
1353 701 1438 776 erat,

107 804 154 865 ut
180 799 345 867 vidimus.
388 824 453 889 quo
477 801 572 868 modo
596 805 707 869 tamen
731 801 915 869 interram
937 802 1097 883 venisset,
1122 801 1184 867 hoc
1207 799 1439 887 explicandum

113 910 214 972 erat.
250 906 327 972 inde
344 905 415 972 sine
431 906 532 973 dubio
547 904 749 990 Promethei,
766 908 823 994 qui
846 906 1038 973 iamdudum
1055 929 1128 973 cum
1150 907 1228 992 igne
1244 904 1439 972 coniunctus

110 1017 211 1094 erat,
239 1009 356 1078 fabula
379 1017 455 1077 orta
480 1018 542 1078 est.
588 1034 649 1078 nec
671 1011 814 1097 contigit
837 1010 997 1094 Hesiodo,
1025 1017 1065 1077 ut
1087 1010 1173 1078 banc
1196 1011 1344 1078 fabulam
1366 1033 1439 1076 cum

113 1112 243 1181 altera
265 1115 366 1202 plane
390 1115 617 1202 coniungeret.
657 1116 799 1204 primum
823 1116 909 1183 enim
933 1118 1038 1183 verba
1060 1117 1097 1182 ἐκ
1118 1118 1240 1185 τούτου
1263 1117 1305 1201 δὴ
1327 1118 1439 1181 ἔπειτα

119 1220 240 1287 δόλου
262 1221 470 1306 μεμνημένος
485 1220 558 1304 αἰεὶ,
576 1244 661 1309 quae
685 1229 801 1308 aperte
825 1221 915 1288 inter
938 1244 974 1289 se
998 1226 1072 1289 arte
1095 1228 1175 1288 sunt
1197 1220 1439 1306 coniungenda,

114 1324 267 1410 longius
301 1326 461 1413 temporis
496 1328 643 1414 spatium
674 1326 835 1393 indicant.
879 1326 1058 1414 praecipue
1093 1327 1195 1394 verbo
1226 1325 1291 1392 olel
1322 1347 1364 1392 ne
1398 1323 1439 1391 de

116 1429 245 1496 eodem
270 1429 333 1513 die,
367 1453 431 1519 quo
455 1431 489 1497 di
512 1432 726 1519 hominesque
758 1432 792 1497 in
816 1431 1098 1497 consiliumillud
1122 1436 1358 1514 convenerunt,
1390 1452 1442 1497 co-

116 1534 221 1619 gites
245 1535 448 1621 prohiberis.
493 1536 581 1602 idem
612 1537 849 1624 comprobatur
878 1536 993 1603 verbis
1025 1537 1086 1602 νύκ
1116 1536 1241 1604 ἐδίδου.
1278 1558 1360 1603 sano
1383 1535 1442 1600 im·

117 1638 318 1726 perfectum
342 1645 415 1706 ‘aon
440 1646 550 1706 femme
567 1643 706 1722 positum
730 1647 775 1707 cst
793 1662 855 1722 pro
877 1641 1018 1722 cmisto’,
1051 1647 1088 1707 ut
1111 1639 1269 1729 Meyerus
1294 1642 1360 1728 (pg.
1386 1639 1441 1727 35)

120 1742 228 1810 dicit.
264 1766 329 1833 quo
360 1750 473 1811 antem
503 1744 641 1811 consilio
673 1745 720 1812 sit
749 1746 895 1833 positum
927 1746 1055 1812 aoristo
1085 1745 1288 1831 ἐξαπάτησεν
1318 1745 1441 1812 collato

120 1847 256 1916 elucet.
295 1849 408 1916 eodem
446 1850 552 1932 modo,
588 1872 652 1937 quo
686 1851 721 1917 in
750 1849 943 1917 Promethei
972 1850 1091 1916 fraude
1122 1850 1291 1917 narranda
1314 1849 1442 1917 aoristo

119 1954 244 2021 utitur
266 1953 445 2038 Hesiodus,
481 1954 584 2021 etiam
613 1954 647 2020 in
671 1954 765 2023 Iovis
795 1956 1008 2022 recusatione
1030 1955 1210 2023 referenda
1237 1954 1366 2022 aoristo
1389 1955 1443 2020 uti

123 2057 262 2138 debuit.
289 2058 435 2124 sinnam
459 2064 590 2125 tantum
606 2060 851 2126 recusationem
873 2060 908 2125 in
933 2059 1042 2148 epulis
1065 2058 1136 2125 illis
1159 2058 1277 2126 anvo
1300 2059 1444 2126 edictam

124 2163 328 2249 significare
350 2163 469 2229 voluit.
521 2165 570 2230 sic
598 2163 699 2231 etiam
724 2164 869 2251 Operum
891 2187 1012 2231 versus
1034 2165 1078 2230 50
1101 2164 1263 2231 aoristum
1287 2165 1443 2251 praebet:

125 2270 243 2352 κρύψε
267 2266 304 2334 δὲ
326 2278 404 2353 πῦρ,
428 2274 467 2334 ut
489 2267 622 2334 initium
647 2269 777 2336 celandi
800 2268 977 2336 indicetur.
1002 2307 1043 2319 ·-
1074 2269 1177 2335 etiam
1199 2268 1304 2336 verba
1326 2268 1363 2335 ἐν
1386 2268 1443 2334 ἀν-

126 2374 328 2456 θρώποισιν
351 2372 438 2440 idem
461 2372 621 2440 indicant.
658 2374 774 2440 dicunt
796 2374 900 2441 enim:
927 2373 1025 2461 ‘apud
1041 2374 1201 2440 homines'
1219 2374 1330 2459 ignem
1347 2373 1444 2454 vidit,

129 2476 198 2543 hoc
222 2481 294 2543 est:
325 2477 360 2543 in
384 2483 487 2562 terra,
518 2478 683 2566 adquam
707 2478 908 2546 sententiam
933 2479 1056 2566 optime
1080 2478 1229 2567 quadrat
1258 2477 1445 2565 epithetum

129 2582 240 2647 verbo
265 2583 350 2667 αὐγή
374 2583 426 2648 bis
449 2581 626 2649 adiectum.
663 2590 716 2649 est
732 2584 870 2651 verbum
885 2582 1099 2668 τηλέσκοπος,
1117 2583 1206 2671 quod
1227 2588 1334 2649 totam
1352 2581 1447 2648 verbi

129 2685 204 2752 vim
228 2708 293 2752 non
316 2687 427 2771 habet,
453 2686 519 2752 nisi
542 2709 621 2754 vere
644 2687 733 2773 ignis
756 2688 873 2776 procul
892 2687 1106 2776 conspicitur.
1150 2687 1306 2776 Iuppiter
1322 2691 1445 2769 autem,

131 2812 210 2856 cum
233 2790 361 2878 procul,
392 2791 555 2873 interra,
588 2792 676 2877 ignis
700 2792 865 2878 fulgorem
887 2793 991 2877 videt,
1024 2815 1091 2860 non
1114 2798 1168 2859 est
1190 2791 1358 2876 Meconae,
1387 2791 1446 2858 sed

130 2895 169 2960 in
195 2894 351 2982 Olympo,
375 2896 463 2963 unde
487 2896 521 2962 in
544 2903 673 2963 terram
697 2897 850 2984 despicit.
887 2898 1026 2964 oonsilio
1042 2897 1179 2965 videtur
1193 2896 1363 2964 Hesiodus
1386 2895 1448 2962 hoc

132 3000 289 3087 epitheto
312 3000 373 3068 uti.
420 3001 540 3089 quibus
572 3002 724 3069 omnihus
747 3008 865 3089 aperte
896 3002 1047 3070 indicare
1076 3002 1214 3070 videtur
1241 3009 1351 3089 poeta,
1382 3023 1448 3066 non

134 3105 207 3171 iam
233 3103 391 3172 Meconae
425 3128 495 3171 rem
529 3107 595 3191 agi.
642 3128 761 3173 versus
784 3108 849 3174 586
880 3114 993 3174 autem
1024 3108 1080 3195 qui
1110 3113 1228 3195 aperte
1253 3105 1447 3172 ‘Pandorae’

135 3210 304 3296 originem
326 3209 498 3277 Meconem
521 3211 638 3294 refert,
662 3212 751 3278 ratio
775 3212 836 3278 boo
859 3212 933 3279 loco
956 3211 1050 3278 nulla
1072 3211 1227 3279 habenda
1256 3217 1318 3294 est,
1350 3210 1448 3276 immo

136 3321 174 3383 et
198 3316 272 3403 ipse
295 3317 329 3381 in
353 3316 562 3401 argumentis
590 3324 644 3383 est
673 3317 794 3405 quibus
817 3317 899 3386 haec
922 3340 1001 3404 pars
1024 3317 1170 3405 pristino
1194 3315 1333 3383 carmini
1357 3314 1449 3381 abiu·

138 3419 291 3489 dicatur:
315 3421 350 3487 id
373 3421 461 3509 quod
483 3420 573 3487 infra
596 3423 827 3509 comprobabo.

229 3525 400 3593 Habemus
422 3527 531 3613 igitur
553 3531 648 3593 certa
670 3526 805 3608 indicia,
830 3526 952 3614 quibus
979 3526 1088 3614 ipsum
1112 3525 1241 3591 demum
1265 3521 1448 3591 Hesiodum

140 3629 204 3697 has
227 3630 364 3698 fabulas
386 3630 421 3697 in
443 3653 542 3697 unam
559 3631 770 3698 coniunxisse
794 3632 1054 3718 comprobemus.
1087 3651 1193 3716 neque
1216 3630 1324 3714 igitur
1339 3649 1448 3713 nugae

141 3739 232 3815 sunt,
257 3757 341 3823 quas
365 3735 429 3801 viri
448 3735 634 3802 doctissimi
651 3736 691 3803 de
715 3735 929 3803 secernendis
948 3734 1073 3800 fabulis
1090 3733 1167 3800 aliis
1184 3755 1225 3799 ex
1241 3731 1448 3817 argumentis

142 3838 431 3924 excogitaverunt.
465 3839 532 3906 iam
544 3847 657 3907 autem
674 3840 825 3907 refutavi
841 3837 1010 3905 Welckeri
1022 3836 1237 3926 etKoechlyi
1249 3836 1451 3903 sententiam

143 3943 186 4010 de
204 3943 403 4010 Prometheo
425 3951 565 4031 propter
587 3944 740 4011 fraudem
763 3944 953 4011 Meconeam
976 3942 1105 4031 punito.
1140 3965 1205 4031 qua
1228 3941 1262 4007 in
1285 3963 1323 4008 re
1345 3940 1451 4006 falsos

143 4071 221 4116 esse
242 4049 335 4116 viros
360 4048 476 4114 doctos
500 4055 535 4114 et
557 4049 633 4135 ipsa
656 4049 744 4116 ratio
761 4048 991 4135 mythologice
1017 4055 1052 4114 et
1068 4054 1164 4115 artus
1181 4069 1324 4114 conexus
1342 4051 1452 4112 osten·

145 4153 243 4238 dunt,
266 4153 299 4219 in
324 4175 420 4242 quem
443 4151 613 4219 Hesiodus
636 4154 697 4220 hae
721 4153 805 4221 duas
829 4153 964 4221 fabulas
986 4152 1142 4238 redigere
1165 4151 1306 4219 studuit.

232 4257 304 4324 Iam
319 4258 497 4325 redeamus
511 4257 554 4323 ad
565 4255 756 4324 Promethei
769 4257 930 4338 fabulam,
947 4280 1045 4345 qnam
1058 4257 1287 4344 imperfectam
1299 4253 1453 4341 abrumpi

146 4363 303 4432 vidimus.
350 4367 385 4430 et
416 4384 457 4429 ex
489 4361 564 4449 ipsa
593 4361 711 4429 fabula
741 4370 777 4428 et
799 4384 817 4428 e
839 4363 997 4430 versibus
1020 4360 1202 4439 cla-ele,
1235 4360 1355 4447 quibus
1379 4364 1455 4424 tota

148 4469 190 4536 de
211 4467 412 4535 Prometheo
443 4466 597 4533 narratio
627 4466 853 4548 concluditur,
884 4488 1005 4533 versus
1039 4465 1170 4552 aliquos
1200 4462 1240 4529 de
1263 4460 1456 4528 Promethei

146 4597 256 4664 poena
280 4574 421 4640 omissos
444 4594 518 4638 esse
542 4571 577 4636 in
593 4578 711 4658 aperto
735 4578 798 4639 est.
831 4594 900 4653 nec,
917 4592 1117 4658 quamquam
1133 4568 1288 4635 versibus
1304 4565 1367 4632 521
1383 4588 1453 4654 sqq.

147 4703 215 4768 qua
243 4699 350 4766 poena
379 4676 602 4744 Prometheus
634 4683 727 4744 esset
756 4677 900 4744 affectus
924 4674 1089 4757 narravit,
1119 4672 1181 4739 hoc
1210 4672 1283 4740 loeo
1306 4670 1455 4739 fabulam

147 4783 379 4871 imperfectam
402 4781 601 4868 abrumpere
622 4781 771 4848 Hesiodo
793 4780 901 4848 licuit.
947 4783 1098 4867 ‘propter
1119 4776 1181 4845 hoe
1204 4775 1310 4863 igitur
1331 4777 1456 4843 crimen

146 4887 366 4954 Prometheus
398 4909 418 4953 a
441 4886 524 4953 Iove
551 4885 766 4954 vehementer
794 4887 934 4973 punitus
964 4885 1026 4952 est’
1051 4921 1094 4932 -
1124 4882 1194 4950 tale
1218 4882 1298 4971 quid
1321 4880 1455 4947 subiun-
