3659 5509
728 485 771 553 33

90 657 334 745 expositurum
367 680 440 727 esse
471 681 512 725 ex
542 657 651 746 ipsius
683 658 797 727 verbis
820 658 1056 726 concludamus
1078 681 1213 726 necesse
1236 664 1306 725 est:
1339 659 1405 747 pri-

90 783 184 827 mum
212 763 368 830 breviter
391 786 464 830 eum
487 763 652 830 dicturum
676 785 751 830 esse
774 770 1006 850 expectamus:
1033 764 1173 848 ,mulier
1196 787 1215 830 a
1235 763 1315 830 Iove
1339 785 1406 830 cre·

87 871 160 947 ata,
200 890 307 956 quam
327 867 546 956 Epimetheus
568 867 709 956 accepit,
743 867 851 955 prima
875 869 1007 935 omnino
1030 868 1150 935 mulier
1173 874 1258 950 erat,
1291 891 1311 933 a
1341 889 1408 954 qua

89 990 213 1037 omnes
239 971 397 1039 mulieres
419 995 525 1059 genus
549 972 683 1039 ducunt.
718 977 820 1059 atque
844 974 960 1039 eodem
982 972 1077 1040 modo
1101 994 1165 1060 quo
1188 971 1407 1059 Epimetheus

91 1096 304 1165 quamquam
326 1098 348 1143 a
369 1077 478 1144 fratre
501 1075 690 1144 admonitus
710 1077 794 1144 hanc
813 1078 986 1144 mulierem
1005 1077 1145 1164 excepit,
1169 1076 1236 1142 viri
1251 1075 1407 1142 mulieres

89 1187 217 1247 amant
235 1204 296 1248 nee
311 1204 422 1249 amare
438 1182 602 1260 desinent,
626 1182 683 1269 qui
706 1204 799 1248 amor
822 1180 919 1248 donis
933 1180 1077 1247 Veneris
1101 1181 1279 1247 efficitur.“
1314 1180 1409 1266 (haec

89 1283 223 1352 ultima
247 1286 402 1353 versibus
424 1287 524 1368 unua
548 1292 584 1353 et
605 1287 706 1367 66Ι66
730 1287 797 1353 iam
820 1287 975 1373 exposita
998 1285 1155 1353 hocloco
1178 1285 1254 1353 ideo
1276 1290 1409 1352 tantum

88 1409 329 1472 commemoro,
352 1397 391 1457 ut
413 1413 531 1458 seusus
554 1390 690 1459 fabulae
713 1399 886 1478 appareat.
933 1395 1053 1479 poetae
1075 1390 1117 1457 de
1139 1391 1249 1477 prima
1277 1389 1408 1456 omnino

89 1493 244 1562 muliere
267 1495 359 1584 loqui
390 1496 476 1563 satis
499 1518 574 1563 esse
596 1496 742 1583 potuit).
788 1494 925 1564 deinde:
952 1496 1080 1582 ,malae
1103 1501 1215 1563 autem
1239 1501 1318 1562 sunt
1341 1517 1409 1560 mu·

89 1596 214 1666 lieres.
250 1599 452 1668 detrimento
471 1601 559 1668 enim
575 1606 656 1667 sunt
672 1601 764 1667 vitae
786 1601 936 1668 virorum
959 1601 1137 1668 secuudum
1160 1600 1266 1668 malos
1289 1623 1408 1684 mores,

90 1725 180 1790 quos
205 1705 339 1792 primae
360 1703 548 1773 Mercurius
570 1704 695 1773 dedit“.
729 1705 812 1773 baec
834 1711 1066 1794 exspectemus
1089 1727 1226 1773 necesse
1249 1712 1312 1788 eat,
1338 1728 1411 1772 curn

89 1829 203 1876 versu
217 1810 263 1876 89
278 1809 409 1877 adiecto
423 1810 496 1898 ipse
511 1815 611 1897 poeta
625 1831 662 1877 se
674 1810 903 1877 narrationem
925 1811 1166 1898 producturum
1189 1833 1263 1877 esse
1284 1810 1410 1877 indica·

92 1914 193 1981 verit
205 1913 245 2000 ¹).
291 1913 393 1982 etiam
420 1913 484 1981 hae
513 1914 719 2000 cogitatione
747 1915 981 2001 prohibemur,
1014 1937 1055 1981 ne
1085 1914 1235 1983 fabulam
1264 1916 1307 1981 ab
1337 1915 1411 2002 ipso

91 2025 203 2106 poeta
220 2042 324 2087 versu
338 2021 381 2087 89
398 2019 587 2087 conclusam
602 2041 676 2086 esse
693 2019 907 2087 arbitremur.
953 2019 1140 2108 quicunque
1156 2019 1243 2086 enim
1261 2018 1411 2086 fabulam

94 2120 274 2210 Operibus
305 2122 461 2207 inseruit,
491 2124 564 2193 sive
586 2122 755 2191 Hesiodus
785 2125 858 2191 sive
889 2123 1116 2210 interpolator
1147 2123 1281 2212 aliquis,
1317 2129 1410 2190 certo

95 2228 245 2295 consilio
268 2229 329 2297 hoc
351 2251 426 2296 eum
447 2228 568 2296 fecisse
591 2250 727 2295 neeesse
750 2233 812 2296 est.
858 2251 966 2316 neque
983 2250 1062 2295 vero
1086 2233 1229 2315 apparet
1251 2228 1411 2295 universa

94 2330 242 2400 fabulae
265 2334 435 2401 sententia
457 2338 559 2421 atqua
581 2333 768 2415 consilium,
800 2332 866 2400 nisi
890 2332 1046 2400 versibus
1070 2332 1238 2400 nonnullis
1262 2354 1410 2420 eaquae

96 2436 304 2505 adumbravi
325 2443 545 2527 exponantur,
590 2461 657 2527 qua
679 2437 902 2526 explicatione
926 2437 1060 2505 adiecta
1082 2436 1217 2505 fabulae
1241 2437 1410 2504 sententia

96 2542 284 2630 apparebit
306 2549 409 2631 atque
433 2565 472 2610 eo
495 2542 577 2609 mihi
599 2543 733 2631 quidem
757 2550 911 2631 spectare
927 2542 1080 2610 videtur:
1105 2540 1209 2609 vitam
1234 2542 1409 2609 humanam

96 2647 237 2714 omniuo
267 2647 303 2714 in
333 2647 429 2736 peius
461 2651 626 2715 mutatam
656 2669 739 2730 esse,
775 2647 893 2714 summi
926 2652 1039 2715 autem
1070 2647 1226 2713 momenti
1256 2668 1331 2713 esse
1361 2645 1410 2711 la·

96 2751 225 2819 horare
248 2753 349 2819 viros.

189 2858 242 2923 At
250 2878 334 2945 quae
347 2862 532 2945 sequuntur
541 2856 641 2924 valde
652 2856 755 2923 aliter
765 2861 844 2923 suut
854 2862 1057 2943 comparata.
1076 2877 1116 2921 ne
1127 2855 1265 2922 verbum
1277 2853 1409 2942 quidem

98 2959 190 3029 facit
218 2967 319 3049 poeta
350 2960 391 3027 de
414 2961 515 3029 rebus
538 2961 618 3045 illis,
645 2984 728 3049 quas
759 2961 833 3048 ipse
863 2960 897 3026 in
922 2959 1198 3027 antecedentibus
1221 2958 1410 3046 (praecipue

100 3088 156 3132 vv.
192 3067 293 3147 57168
325 3072 360 3133 et
391 3066 504 3151 66166)
536 3065 751 3152 significavit.
808 3070 927 3147 ‘antea
960 3065 1087 3153 inquit,
1127 3064 1277 3129 omnibus
1312 3063 1410 3129 malis

99 3170 295 3259 morbisque
326 3170 463 3238 liberati
486 3171 644 3238 vixerunt
673 3172 706 3235 in
736 3176 831 3236 terra
861 3168 1011 3235 homines
1040 3170 1111 3254 (ubi
1140 3169 1247 3255 ipsum
1271 3168 1410 3234 verbum

102 3274 298 3360 ἀνθρώπων
336 3275 514 3342 secundum
552 3273 787 3342 antecedentia
820 3280 940 3340 contra
974 3273 1258 3361 exspectationem
1289 3272 1409 3338 inferri

101 3402 169 3447 non
201 3387 326 3447 temere
349 3379 430 3446 mihi
459 3379 576 3446 videor
598 3401 742 3446 monere.
787 3379 915 3464 ἄνδρας
937 3386 1069 3466 poetam
1093 3377 1202 3445 dicere
1233 3377 1408 3464 oportuit).

101 3492 140 3549 at
171 3483 293 3551 mulier
324 3483 413 3550 dolio
441 3488 560 3571 aperto
583 3483 672 3551 mala
702 3483 793 3551 inter
815 3483 966 3550 homines
996 3482 1131 3549 emittit.
1171 3482 1249 3548 inde
1282 3482 1324 3548 ab
1349 3482 1409 3548 hoe

103 3590 257 3677 tempore
285 3592 379 3655 terra
401 3587 500 3655 malis
523 3595 578 3654 est
599 3586 754 3675 impleta3
776 3608 845 3656 una
867 3587 952 3675 Spes
974 3586 1137 3654 remansit
1159 3587 1191 3651 iu
1216 3585 1306 3652 dolio
1328 3586 1409 3653 illo'.

104 3714 268 3778 quaenam
290 3692 471 3760 intercedit
492 3695 581 3760 ratio
604 3692 694 3760 inter
717 3693 776 3759 bos
796 3715 914 3760 versus
935 3697 970 3760 et
989 3689 1247 3759 antecedentes?
1269 3712 1409 3777 prorsus

105 3796 211 3865 nulla.
255 3819 361 3885 neque
384 3819 464 3864 vero
489 3797 575 3865 satis
597 3796 753 3881 intellegi
774 3803 927 3884 possunt.
961 3796 1125 3864 nescimus
1149 3794 1205 3882 qui
1227 3797 1330 3871 πίθος
1352 3794 1408 3874 sit,

108 3921 203 3987 quem
227 3901 248 3985 ἡ
269 3905 357 3986 γυνή
379 3902 521 3989 aperuit.
566 3901 742 3984 nescimus,
775 3901 833 3967 ubi
855 3901 1037 3969 collocatus
1069 3898 1182 3967 fuerit.
1227 3899 1408 3980 mulierem,

109 4026 194 4093 quae
228 4005 350 4072 dolium
382 4008 526 4095 aperuit,
562 4006 772 4074 ‘Pandoram’
797 4029 871 4073 esse
903 4006 1050 4073 fortasse
1082 4012 1172 4072 recte
1204 4027 1222 4071 e
1253 4026 1409 4071 versuum

107 4131 233 4178 conexu
256 4110 473 4198 suspicamur,
499 4134 564 4200 qua
593 4111 633 4179 de
656 4133 694 4178 re
717 4112 819 4178 etiam
841 4110 932 4176 infra
959 4131 1066 4195 agam.
1112 4115 1150 4176 at
1177 4108 1310 4175 dubium
1334 4129 1409 4173 esse

106 4214 260 4297 videtur,
295 4237 338 4282 an
370 4215 453 4284 haec
487 4216 664 4283 ‘Pandora’
699 4215 809 4303 prima
843 4214 963 4281 mulier
996 4213 1110 4280 fuerit.
1165 4212 1253 4278 unde
1276 4211 1408 4278 omnino

105 4325 247 4387 venerat
269 4318 415 4387 dolium?

193 4423 319 4491 Tamen
341 4447 460 4493 versus
483 4425 614 4492 96-96
636 4425 720 4493 bene
744 4422 935 4490 decurrunt.
982 4419 1091 4487 omnia
1114 4419 1164 4487 ita
1187 4426 1406 4507 exponuntur,

106 4534 145 4595 ut
161 4551 247 4618 quae
267 4551 328 4596 uos
346 4529 547 4617 intellegere
559 4552 624 4596 non
642 4529 810 4617 possimus
823 4533 924 4595 antea
936 4525 1089 4612 exposita
1100 4524 1205 4591 fuisse
1218 4523 1406 4608 videantur,

195 4763 222 4832 1)
240 4760 283 4816 Ne
301 4761 362 4829 quis
380 4762 481 4818 malum
499 4779 533 4818 cx
545 4763 705 4833 Theogonia
722 4768 816 4817 notum
835 4774 896 4815 ease
914 4756 997 4825 dieat,
1009 4757 1054 4811 bic
1072 4757 1126 4812 iam
1145 4772 1322 4825 praemonere
1341 4759 1408 4813 mibi

105 4846 194 4918 liceat,
207 4849 236 4905 id
254 4850 327 4918 quod
345 4849 422 4907 inira
440 4852 639 4921 comprobabo:
659 4867 697 4907 ac.
716 4852 859 4916 rationem,
878 4863 948 4914 quae
968 4847 1040 4900 inter
1053 4846 1228 4914 Theogoniae
1247 4854 1274 4901 et
1287 4847 1407 4916 Operum

105 4937 177 4995 locos
196 4938 352 5008 intercedit,
370 4957 424 4994 non
443 4940 483 4994 ita
501 4956 562 4996 ease
581 4946 776 5011 comparatam,
794 4943 825 4992 ut
844 4938 895 4990 boc
914 4933 1076 4990 concludere
1094 4934 1184 4990 liceat.

1176 5043 1199 5106 3
